2676 3931
364 294 433 344 62
997 293 1358 342 FABULAE
1403 293 1495 340 FA
1507 293 1736 342 CILES.

426 513 520 562 55.
597 512 837 562 Nessus
873 509 1132 561 moriens
1169 511 1394 572 aliquid
1432 508 1661 561 erueris
1699 509 1794 561 sui
1829 509 2141 561 Deianirae
2180 510 2301 559 dat.

454 656 695 712 Nessus
755 652 954 730 igitur,
1017 652 1241 730 sagitta
1315 651 1607 713 Herculis
1679 652 2030 726 transfixuS,
2093 652 2361 711 moriens

370 750 562 812 humil
601 750 893 825 iacebat23
941 762 1020 825 at,
1054 751 1155 811 ⁸ne
1200 753 1595 812 occesienem
1642 762 1736 811 sui
1781 753 2120 812 ulciscendi
2164 752 2361 811 dimit-

372 863 544 926 teret,
593 853 678 913 ita
726 853 967 913 locutus
1019 862 1146 912 est:
1208 849 1378 925 “Tfi,
1430 852 1737 925 Deianira,
1789 854 1978 911 verba
2025 849 2362 912 morientis⁴

277 973 302 1026 5
374 954 551 1013 audi:
601 963 653 1012 si
687 951 803 1012 vis³
834 961 1102 1013 amerem
1148 949 1374 1011 mariti⁶
1402 962 1488 1011 tui
1531 961 1916 1025 censervere,
1952 952 2180 1029 aliquid
2229 971 2364 1011 san-

370 1053 575 1131 guinis
634 1054 830 1126 huius,
885 1064 989 1130 qui
1050 1061 1082 1112 e
1141 1063 1390 1129 pectore
1448 1061 1587 1113 mee
1646 1054 1997 1127 effunditur,
2060 1063 2230 1112 ssime
2288 1060 2362 1111 ec

374 1152 670 1231 repene⁷;
737 1164 883 1226 tum,
947 1164 999 1212 si
1062 1172 1352 1230 umquam
1412 1154 1685 1230 suspicie
1744 1154 1806 1211 in
1866 1161 2136 1213 mentem
2193 1163 2361 1213 tuam

374 1254 626 1326 venerit,
682 1262 916 1313 vestem
968 1263 1170 1313 mariti
1219 1254 1338 1313 hec
1396 1254 1695 1331 sanguine
1754 1251 2072 1313 inficies⁸.'’
2184 1255 2365 1312 Haec

374 1358 615 1417 locutus
661 1359 901 1417 Nessus
944 1354 1233 1415 ”animam
1277 1358 1545 1430 efflavit3
1611 1357 1905 1416 Deianira
1957 1367 2160 1416 autem
2212 1356 2364 1415 nihil

280 1474 340 1509 10
376 1457 522 1515 mali
554 1456 883 1534 suspicata,
918 1455 1259 1534 imperatam
1280 1458 1446 1517 fecit.
1540 1460 1689 1517 Post
1718 1458 1903 1517 breve
1934 1467 2177 1534 tempus
2212 1459 2366 1516 Her-

376 1558 544 1617 cules
587 1557 817 1617 bellurn
857 1567 1069 1617 contre
1104 1560 1416 1636 Eurytum,
1450 1565 1655 1635 regern
1687 1557 2041 1631 Oechaliae,
2076 1557 2363 1634 suscepit,

377 1667 455 1730 et,
488 1677 627 1717 cum
659 1665 865 1735 regem
896 1658 1097 1735 ipsum
1127 1678 1268 1718 cum
1297 1659 1445 1717 filiis
1485 1659 1910 1730 interfecisset,
1948 1659 2139 1730 Iolen,
2173 1656 2366 1716 filiam

380 1761 607 1837 Euryti,
669 1767 975 1835 captivam
1043 1759 1300 1819 reduxit.
1421 1762 1773 1836 Antequam
1840 1769 2048 1819 tamen
2116 1760 2366 1818 domum

378 1859 561 1931 venit,
611 1868 831 1919 nevem
884 1860 964 1919 ad
1023 1862 1336 1920 Cenaeum
1397 1859 1885 1936 premunturium
1937 1855 2233 1936 appulitu,
2285 1866 2363 1931 et,

284 1974 344 2027 15
381 1959 443 2017 in
488 1968 710 2019 terram
756 1968 1058 2038 egressuS,
1107 1970 1276 2020 eram
1321 1959 1645 2021 censtituit
1686 1971 1753 2021 ut
1798 1962 1931 2019 Iovi
1976 1958 2365 2019 sacrificaret.

384 2063 549 2119 Dum
596 2069 804 2120 tamen
858 2061 1222 2120 sacrificium
1281 2071 1472 2138 parat,
1529 2062 1785 2120 Licham
1844 2060 2132 2121 comitem
2190 2078 2369 2119 suum

382 2162 633 2221 domurn
664 2161 831 2221 misit
863 2171 968 2239 qui
998 2170 1231 2221 vestem
1273 2162 1477 2221 albam
1508 2162 1762 2221 referret
1793 2184 1805 2220 ε
1851 2169 1985 2221 mes
2030 2160 2193 2220 enim
2238 2169 2369 2219 erat

382 2262 548 2339 apud
598 2269 902 2337 antiques,
956 2263 1102 2321 dum
1150 2262 1453 2332 sacrificia
1499 2261 1831 2334 faciebant,
1882 2270 2114 2321 vestem
2167 2262 2370 2320 albam

379 2381 610 2440 gerere.
699 2364 783 2421 At
832 2362 1125 2421 Deianira
1167 2359 1407 2422 veritam
1438 2370 1513 2421 ne
1563 2362 1868 2422 Hercules
1915 2369 2183 2422 amerem
2225 2370 2371 2438 erge

285 2475 347 2511 20
385 2462 561 2521 Iolen
592 2462 866 2535 haberet,
900 2472 1153 2536 vestem,
1186 2463 1545 2540 priusquam
1588 2462 1817 2523 Lichae
1848 2462 2036 2536 dedit,
2072 2460 2371 2538 sanguine

383 2566 570 2622 Nessi
601 2562 830 2622 infecit.

473 2710 513 2744 1.
552 2697 800 2745 Locative
886 2712 1020 2755 case,
1099 2714 1165 2745 on
1244 2698 1327 2745 tlte
1515 2710 1561 2758 7.
1598 2699 1821 2756 reconde,
1844 2703 2007 2746 servd.

376 2782 599 2844 ground.
1511 2781 1558 2830 8.
1595 2782 1800 2839 imbues,
1849 2783 2023 2844 tinges.
2096 2780 2161 2831 cf.
2203 2796 2253 2844 p.
2293 2794 2373 2845 39,

471 2878 514 2912 2.
553 2866 667 2913 Not
691 2865 910 2913 iaciebat.
1429 2866 1462 2913 l.
1487 2864 1533 2914 6.

471 2962 515 3012 3.
551 2950 646 2996 lest
678 2949 740 2996 lze
772 2948 963 2997 should
997 2950 1098 2997 lose
1135 2949 1218 2996 tlte
1252 2955 1329 3010 op·
1513 2962 1559 3012 9.
1597 2954 1833 2997 mortuus
1855 2956 1938 2997 est.

390 3033 665 3095 portunity
687 3032 752 3095 qf
773 3033 1032 3095 avenging
1050 3033 1270 3096 himself.
1485 3046 1559 3082 10.
1596 3033 1858 3089 mandrita,
1884 3034 2038 3080 iz'c'ssa.

469 3129 516 3175 4.
553 3130 622 3163 sc.
656 3120 769 3163 mei.
1487 3129 1560 3163 11.
1598 3115 1662 3164 cf.
1688 3132 1738 3180 p.
1763 3115 1843 3176 48,
1869 3116 1902 3163 l.
1934 3129 2008 3163 11.

473 3212 515 3264 5.
556 3200 712 3247 From
739 3200 862 3247 volci.
1219 3221 1228 3230 ·
1486 3213 1562 3248 12.
1599 3200 1874 3249 Translate
1933 3216 1991 3249 as
2051 3214 2083 3248 a
2133 3207 2344 3263 present

469 3282 516 3332 6.
552 3284 672 3341 viri,
698 3284 939 3346 coniugis.
1431 3283 1715 3347 participle.
