2676 3931
284 341 288 344 ⁴
385 338 452 390 56
1011 338 1375 387 FABULAE
1419 331 1754 388 FACJLE'S.

385 507 448 566 in
494 506 632 565 loce
678 514 844 566 esset
886 506 1117 565 hortuS.
1211 504 1549 582 Postquam
1596 506 1779 583 igitur
1820 506 2052 566 audivit
2082 526 2267 583 quam
2298 509 2384 568 ob

385 625 637 666 causam
687 605 992 665 Hercules
1036 606 1325 679 venisset,
1362 604 1396 629 “
1420 607 1624 682 Ipse,’'
1672 603 1909 683 inquit¹,
1955 605 1989 630 “
2011 607 2089 665 ad
2134 608 2380 667 hortum

384 706 506 780 ibe,
540 715 602 767 et
630 705 885 766 filiabus
917 715 1069 766 meis
1098 707 1493 784 persuadebe
1525 716 1592 765 ut
1620 714 1806 784 perna
1834 704 1969 767 'sue
2009 716 2232 784 sponte
2262 717 2383 768 tre.-

385 808 597 867 dant.’'
689 807 1013 880 HerculeS,
1048 827 1188 867 cum
1233 808 1390 868 haec
1436 809 1689 880 audiret,
1724 817 2098 885 magnopere
2127 816 2382 886 gavisus

287 919 314 973 5
384 906 504 968 est⁸
530 932 543 980 3
589 907 787 968 neluit
815 908 979 967 enim
1009 908 1131 967 vim
1162 904 1496 982 adhibere4,
1529 917 1582 967 si
1613 915 1711 967 res
1742 905 1939 967 aliter⁵
1965 909 2095 967 fieri
2127 918 2378 985 posset:

384 1008 704 1069 Censtituit
732 1009 915 1086 igitur
943 1005 1243 1069 oblatum⁶
1264 1008 1554 1067 auxilium
1587 1007 1885 1085 accipere.
1961 1009 2139 1068 Atles
2170 1017 2377 1068 tamen

384 1109 720 1186 postulavit
762 1118 845 1182 ut,
879 1110 1025 1168 dum
1070 1110 1204 1186 ipse
1236 1108 1502 1182 abesset,
1532 1108 1839 1168 Hercules
1868 1109 2109 1168 caelum
2153 1119 2381 1170 umeris

385 1199 732 1269 sustineret.
824 1210 967 1269 Hec
1012 1208 1195 1287 igitur
1238 1206 1577 1287 negetium⁷
1609 1209 1913 1269 Hercules
1953 1210 2215 1269 libenter
2251 1229 2379 1270 sus-

385 1310 590 1387 cepit;
638 1319 717 1383 et,
750 1329 1122 1387 quamquam
1152 1317 1250 1369 res
1280 1320 1413 1369 erat
1453 1319 1673 1369 summi
1714 1310 1960 1382 laberiS,
1995 1318 2192 1370 tetum
2231 1330 2379 1388 pon-

290 1424 350 1459 10
385 1411 502 1470 dus
533 1410 690 1470 caeli
721 1410 1050 1470 continues
1081 1407 1449 1487 chplslres⁸
1476 1411 1611 1469 dies
1643 1410 1811 1470 selus
1843 1410 2206 1471 sustinebat.

474 1559 514 1592 1.
549 1546 638 1601 ait,
663 1545 799 1593 dicit.
1515 1558 1561 1604 4.
1596 1545 1820 1608 aufferre.

471 1642 514 1675 2.
551 1628 776 1684 libenter,
804 1629 952 1676 mille
974 1633 1180 1691 cegente.
1485 1682 1496 1693 ⁶
1517 1640 1561 1693 5.
1595 1629 1705 1676 alib
1724 1628 1880 1676 mode.

472 1725 515 1775 3.
554 1710 668 1759 The
685 1711 884 1775 perfect
910 1711 968 1759 of
981 1712 1193 1775 gaudee.
1261 1710 1326 1759 cf.
1515 1711 1562 1760 6.
1602 1711 1874 1774 Participle
1898 1710 2035 1760 from
2059 1712 2224 1775 ffre.

384 1797 603 1844 laetatus
624 1801 707 1843 est.
1514 1807 1561 1856 7.
1602 1795 1714 1843 Par.
1740 1802 1876 1857 opus,
1901 1795 2140 1844 labo'rem.

1181 1877 1228 1926 8.
1261 1878 1563 1941 permultbs.
1635 1900 1640 1903 ·

697 2084 791 2135 48.
868 2083 1162 2136 Hercules
1198 2083 1378 2147 pema
1416 2086 1496 2135 ab
1534 2084 1785 2135 Atlante
1823 2086 2063 2147 accipit.

471 2226 650 2285 Atles
685 2223 946 2286 interea¹
982 2225 1216 2285 abierat
1258 2236 1320 2286 et
1362 2227 1442 2285 ad
1488 2227 1732 2286 hortum
1785 2226 2219 2304 Hesperidum,
2270 2235 2377 2303 qui

386 2345 585 2403 pauca
614 2326 781 2384 milia
803 2346 1095 2402 passuum
1122 2328 1351 2399 aberat,
1375 2334 1441 2385 se
1468 2346 1652 2404 quam
1676 2327 1990 2387 celerrime
2014 2326 2375 2386 contulerat.

389 2424 505 2486 E6²
531 2446 671 2486 cum
701 2427 990 2500 venisset,
1025 2446 1275 2486 causam
1308 2427 1597 2487 veniendi
1630 2427 1930 2504 exposuit,
1959 2436 2021 2486 et
2042 2427 2207 2486 filias
2232 2435 2377 2486 sues

293 2542 351 2594 15
388 2528 782 2586 vehementer
827 2529 1106 2587 hortatus
1158 2537 1254 2587 est
1301 2536 1369 2586 ut
1415 2535 1599 2604 perna
1645 2529 1977 2587 traderent.
2068 2526 2219 2586 Illae
2271 2526 2378 2585 diu

386 2624 780 2700 haerebant⁸;
828 2627 1125 2687 nelebant
1183 2627 1349 2686 enim
1407 2628 1527 2687 hec
1585 2628 1808 2701 facere,
1874 2628 2041 2705 quod
2100 2628 2179 2686 ab
2239 2627 2375 2703 ipsa

389 2730 628 2787 Ismene
664 2727 770 2807 (de
801 2736 923 2805 que.
956 2738 1099 2787 ante
1131 2728 1363 2788 dictum
1396 2729 1520 2809 est)
1554 2729 1674 2788 hec
1708 2724 1955 2787 munus4
1993 2734 2376 2804 acceperant.

390 2828 564 2887 Atlas
595 2837 817 2901 tamen,
853 2837 995 2904 post
1026 2828 1217 2888 multa
1248 2829 1453 2901 verba,
1488 2837 1578 2888 eis
1609 2828 1916 2905 persuasit
1947 2837 2014 2887 ut
2054 2826 2174 2887 sibi
2210 2834 2379 2903 pere-

388 2925 563 3000 rent⁶,
597 2937 660 2988 et
697 2936 880 3005 pema
916 2930 995 2988 ad
1034 2930 1371 2988 Herculem
1413 2925 1684 2988 rettulit⁶.
1777 2928 2081 2988 Hercules
2123 2927 2376 3000 interea,

290 3042 352 3078 20
388 3047 527 3086 cum
577 3028 780 3105 plures
827 3029 961 3088 dies
1005 3028 1491 3104 exspectavisset
1538 3048 1741 3105 neque
1790 3029 1977 3088 sillam
2021 3029 2252 3088 fernam
2299 3027 2378 3087 de

387 3129 591 3188 reditfi
630 3129 901 3189 Atlantis
938 3128 1297 3205 accepisset,
1344 3130 1463 3188 hac
1503 3138 1674 3189 mora
1720 3129 1986 3206 graviter
2033 3135 2378 3188 commetus

389 3238 500 3289 est.
589 3229 871 3289 Tandem
912 3237 1130 3307 quinte
1181 3230 1280 3289 die
1340 3230 1658 3289 Atlantem
1707 3230 1860 3289 vidit
1906 3229 2265 3289 redeuntem
2317 3237 2379 3288 et

477 3377 521 3410 1.
545 3364 769 3410 interim.
1650 3377 1697 3424 4.
1733 3364 1942 3412 denum.

475 3459 520 3493 2.
557 3447 693 3502 diac,
719 3447 777 3494 in
800 3462 912 3494 eum
939 3447 1120 3494 locum.
1655 3458 1697 3511 5.
1734 3446 1799 3494 cf.
1825 3463 1874 3509 p.
1906 3459 1980 3512 55,
2004 3446 2035 3493 1.
2062 3459 2108 3507 7.

475 3542 520 3593 3.
556 3529 865 3587 dubitabant,
889 3529 1222 3577 haesitdbant.
1649 3529 1695 3579 6.
1735 3532 2027 3593 reportavit.
