2676 3931
936 293 1246 343 NOCTES
1287 293 1644 342 ATTICAE.
2194 290 2290 342 127

290 481 432 522 esse
494 463 794 521 Remenis
851 462 1007 520 haec
1065 459 1375 520 omnia?''
1484 461 1643 519 Tum
1698 462 1962 532 Poenus,
2013 455 2292 518 elfldens¹

292 561 602 640 ignaviam
650 558 1131 637 imbelliamque²
1173 560 1433 618 militum
1492 561 1625 619 eius
1684 556 1977 636 pretiese³
2034 566 2291 618 armete-

293 682 428 721 rum
456 685 468 721 ε
515 659 549 684 “
579 661 761 734 Satis,
787 661 971 737 plane
1002 660 1153 720 satis
1185 679 1323 720 esse
1355 660 1542 720 crede
1569 663 1869 720 Remenis
1889 660 2042 719 haec
2065 659 2291 732 omnia,

292 762 482 822 etiam
536 770 589 821 si
642 761 987 821 avarissimi
1042 762 1246 820 sunt.''
1346 760 1517 819 Nihil
1560 757 1867 837 prorsum⁴
1903 758 2130 836 neque⁵
2166 769 2292 819 tam

294 859 525 939 lepide⁶
570 880 774 938 neque
835 871 957 920 tarn
1011 861 1231 920 acerbe
1280 860 1403 921 dici
1454 870 1695 937 potest:
1757 867 1863 919 rex
1910 859 1987 919 de
2038 867 2293 919 numere
2367 872 2395 924 5

295 962 600 1022 exercitus
658 970 755 1021 sui
810 970 884 1021 ac
928 958 1027 1020 ⁷de
1072 960 1461 1020 aestimanda
1512 960 2013 1037 aequiperatione
2058 968 2294 1036 quaesi-

295 1071 488 1134 verat,
521 1061 843 1138 respondit
876 1061 1195 1120 Hannibal
1227 1061 1304 1120 de
1336 1060 1585 1137 praede.

421 1207 462 1243 1.
499 1196 741 1258 sneering
758 1201 827 1244 at.
1347 1194 1593 1257 negation
1617 1193 1662 1242 is
1686 1201 1781 1242 not
1800 1191 2078 1258 destroyed
2100 1191 2170 1258 by
2183 1207 2295 1242 sue·

419 1292 464 1326 2.
502 1279 549 1325 A
619 1279 1040 1341 post-Augustan
1101 1277 1245 1327 word
1306 1325 1314 1333 ,
1348 1276 1565 1341 ceeding
1589 1277 1873 1340 negativeS,
1889 1276 2017 1325 each
2037 1274 2296 1326 introduc-

296 1360 512 1410 derived
522 1361 662 1410 from
675 1362 964 1410 imbellis=
979 1367 1081 1410 nen
1095 1369 1246 1424 aptus
1347 1361 1438 1424 ing
1460 1377 1492 1410 a
1515 1368 1751 1425 separate
1776 1360 2115 1410 subordinate
2140 1375 2295 1409 mem-

300 1445 440 1494 belle.
1347 1444 1455 1493 ber.

419 1541 465 1592 3.
501 1533 802 1590 samptuese,
826 1529 1092 1590 eleganter.
1434 1527 1481 1577 6.
1518 1530 1702 1590 neatly.

418 1625 466 1673 4.
501 1618 559 1659 at
573 1613 670 1660 all.
1435 1624 1482 1672 7.
1518 1612 1744 1660 whether
1776 1612 1819 1660 it
1839 1611 1991 1659 could
2020 1611 2075 1660 be
2106 1612 2298 1660 consid-

422 1706 466 1761 5.
505 1694 816 1743 Remember
848 1694 961 1743 that
985 1709 1017 1743 a
1038 1694 1248 1758 general
1349 1697 1470 1744 ered
1488 1711 1552 1743 on
1574 1711 1646 1743 an
1669 1696 1907 1759 equality.

1228 1862 1294 1920 V,
1318 1875 1366 1925 9.

302 1964 440 2015 123.
518 1964 788 2015 Historia
832 1967 910 2015 de
955 1963 1186 2016 Croesil
1228 1962 1354 2016 ΕΗΒ
1402 1961 1575 2015 111ιῖῐό
1625 1978 1706 2015 ex
1748 1959 2075 2016 Herodoti²
2114 1961 2297 2015 libris.

391 2088 585 2147 Filius
616 2090 832 2148 Croesi
874 2089 1054 2167 regiS‚
1086 2107 1225 2148 cum
1270 2089 1393 2147 iam
1426 2089 1545 2149 feri
1578 2086 1713 2166 ³per
1755 2098 2019 2149 aetetem
2063 2097 2295 2166 posset,

304 2189 514 2248 infans
561 2198 693 2249 erat
739 2199 818 2263 et,
863 2208 1002 2249 curn
1051 2190 1171 2248 iam
1219 2189 1476 2248 multum
1526 2189 1914 2261 adolevisset,
1959 2188 2102 2249 item
2147 2188 2298 2247 nihil
2339 2211 2396 2245 ιο

304 2291 424 2349 fari
471 2285 724 2365 quibat⁴.
814 2291 1027 2348 Mfitus
1072 2287 1254 2349 ade6⁵
1295 2298 1358 2349 et
1400 2285 1687 2366 elinguis⁶
1728 2289 1834 2348 difl
1884 2289 2135 2348 habitus
2185 2298 2298 2348 est.

305 2387 491 2449 ⁷Cum
545 2389 608 2447 in
653 2399 888 2465 patrem
941 2385 1110 2462 eius⁸‚
1158 2389 1320 2450 belle
1369 2396 1593 2467 megne
1638 2394 1865 2448 victum
1913 2398 1975 2449 et
2027 2386 2200 2448 urbe⁹
2239 2388 2299 2446 in

308 2498 431 2566 que
474 2498 605 2548 erat
648 2498 848 2565 capta,
883 2489 1081 2548 hostis
1125 2490 1334 2567 gladie
1380 2490 1666 2562 deducte,
1705 2496 1909 2566 regem
1953 2507 2092 2548 esse
2137 2496 2303 2565 igne-

308 2598 473 2662 ῐῑιηε,
506 2585 886 2660 invaderetffl,
921 2586 1207 2649 didfixitn
1241 2590 1610 2648 adulescens
1647 2596 1737 2663 es,
1770 2589 2033 2649 clemare
2077 2595 2300 2660 nitens,

398 2744 439 2780 1.
479 2732 623 2795 King
637 2732 694 2780 of
712 2731 888 2797 Lydia,
912 2731 1041 2798 560—
1047 2731 1141 2797 546
1156 2744 1253 2780 B.c.
1475 2730 1521 2781 6.
1560 2733 1706 2780 Note
1728 2731 1817 2780 the
1841 2731 2157 2797 etymology.

313 2815 417 2864 His
459 2830 612 2864 name
648 2815 743 2864 has
785 2815 1001 2864 become
1038 2831 1258 2881 synony-
1476 2829 1521 2877 7.
1562 2816 1650 2865 Or.
1682 2818 1810 2865 Cum
1837 2816 1997 2863 hostis
2023 2816 2205 2879 glad&
2230 2815 2308 2862 de-

310 2914 467 2947 mous
491 2897 613 2947 with
640 2898 928 2948 boundless
952 2898 1155 2947 wealth.
1359 2899 1519 2957 duae,
1571 2904 1733 2962 regem
1794 2914 1896 2947 esse
1940 2904 2200 2960 ignffrdns,
2248 2899 2305 2944 in

398 2996 443 3030 2.
481 2981 596 3031 ΤΙιε
642 2982 850 3032 famous
890 2982 1063 3032 Greek
1102 2983 1260 3032 histo·
1349 2991 1553 3046 patrem
1591 2985 1714 3040 eius,
1738 2983 1868 3030 belle
1897 2986 2087 3044 magne
2116 2986 2302 3029 victum

310 3066 423 3115 rian
441 3065 633 3114 known
653 3081 711 3114 as
732 3064 820 3114 the
844 3065 1056 3115 “father
1079 3065 1137 3114 of
1160 3066 1259 3114 his·
1360 3073 1409 3116 et
1442 3067 1563 3114 urbe
1598 3068 1655 3114 in
1691 3071 1800 3129 qud
1830 3073 1944 3115 erat
1975 3069 2134 3127 capta,
2160 3066 2306 3111 invd-

311 3148 479 3215 tory.’'
553 3150 639 3200 He
663 3165 768 3199 was
787 3148 917 3197 born
941 3148 1038 3210 484
1064 3162 1164 3197 ΒΩ.
1359 3150 1509 3208 deret,
1534 3151 1827 3198 adulescens
1849 3154 1902 3197 5³·
1924 3149 2148 3205 didaxit,
2175 3154 2269 3195 etc.

397 3246 444 3297 3.
478 3249 532 3282 so
550 3234 655 3297 sar
688 3249 748 3281 as
783 3232 867 3280 his
896 3248 985 3296 age
1013 3249 1122 3282 was
1151 3249 1259 3281 con·
1475 3232 1523 3283 8.
1559 3236 1667 3281 eius
1691 3232 1853 3281 refers
1879 3239 1934 3280 to
1959 3231 2266 3279 adulescens.

311 3318 509 3366 cerned.
1476 3330 1523 3380 9.
1560 3316 1657 3364 viz.
1686 3314 1879 3364 Sardis.

393 3414 442 3461 4.
471 3406 686 3463 poterat.
1450 3412 1529 3447 10.
1565 3401 1806 3462 impetum
1819 3400 2032 3463 faceret.

402 3495 442 3549 5.
478 3484 669 3540 indeed,
700 3481 1034 3545 strengthens
1069 3487 1256 3530 matus.
1451 3496 1527 3531 11.
1565 3484 1691 3531 Ant.
1714 3484 1913 3531 clausit.
