2676 3931
358 281 428 334 80
1119 279 1286 328 VIRI
1321 279 1609 328 ROMAE.

361 460 430 510 ut
473 448 887 525 conloquendi
931 454 1142 507 secum
1185 454 1558 523 potestatem
1600 446 1851 506 faceret.
1962 447 2170 523 Scipie
2214 467 2353 508 curn

361 549 757 626 conloquium
801 547 969 607 haud
1014 542 1373 619 abnuisset¹,
1421 545 1557 605 dies
1601 546 1897 622 locusque
1941 546 2351 607 constituitur.

364 652 582 724 Itaque
615 656 931 725 congressi
962 644 1127 707 sunt²
1155 647 1281 706 duo
1312 645 1636 705 clarissimi
1678 665 1828 708 suae
1869 645 2114 708 aetitis⁸
2141 648 2349 708 duceS.

365 751 679 809 Steterunt
704 745 998 825 ⁴'aliquam
1021 747 1128 807 diu
1150 746 1322 807 taciti
1348 755 1681 823 mutuaque
1713 747 2120 808 admiretiene
2142 748 2350 808 defixi.

268 865 292 917 5
365 851 522 910 Cum
554 856 700 909 vere
728 848 809 908 de
840 846 1311 908 condicionibus
1341 846 1513 924 picis
1535 844 1720 907 ‘inter
1742 855 1853 908 ees
1884 855 2010 908 nen
2040 849 2354 908 convenis-

363 959 475 1023 set,
509 950 589 1009 ad
624 957 772 1010 sues
801 946 892 1008 ⁶se
932 955 1296 1026 receperunt
1325 945 1772 1008 renuntiantes⁷
1801 957 1985 1008 armis
2026 949 2355 1009 decernen-

363 1046 533 1109 dum⁸
577 1068 733 1109 esse.
840 1048 1187 1109 Commisse
1232 1047 1458 1108 deinde
1503 1048 1754 1125 proelis),
1788 1049 2110 1109 Hannibal
2156 1059 2354 1110 victus

364 1169 503 1209 cum
546 1159 835 1226 quattuor
879 1149 1191 1226 equitibus
1224 1148 1398 1226 fugit.
1484 1146 1799 1209 ”Ceterum
1843 1157 2090 1210 censtat
2132 1160 2354 1210 utrum-

365 1269 485 1328 que
517 1251 595 1309 de
628 1251 818 1310 altere
860 1250 1215 1310 cenfessum
1259 1267 1398 1308 esse
1429 1245 1587 1309 ¹⁰nec
1631 1250 1848 1309 melius
1893 1259 2115 1311 instrui
2158 1250 2353 1310 aciem

269 1382 330 1418 10
365 1369 481 1412 nec
510 1351 713 1410 ecrius
743 1349 1018 1427 potuisse
1048 1358 1325 1427 pugnari.

453 1498 494 1532 1.
531 1485 790 1542 riz’Ecisset,
816 1484 1153 1533 recusavisset.
1494 1482 1542 1533 8.
1579 1484 2353 1548 de'ct‘dendum,de‘p12gnandum.

424 1572 425 1575 ’
450 1581 494 1616 2.
531 1572 889 1616 convenirunt.
1495 1580 1542 1630 9.
1581 1568 1695 1616 Par.
1723 1569 1813 1616 sed
1830 1568 2019 1632 firma
2054 1570 2229 1630 ορῖηἰὸ
2257 1585 2356 1617 om·

449 1666 495 1716 3.
531 1653 785 1713 temporis,
810 1651 1012 1700 saeculi.
1414 1653 1560 1699 nium
1586 1657 1671 1699 est.

448 1749 495 1796 4.
514 1735 613 1799 for
632 1751 769 1783 some
789 1735 921 1783 time.
1502 1747 1576 1783 10.
1612 1734 1726 1783 that
1766 1735 1851 1783 the
1894 1735 2166 1784 battle-line
2208 1736 2360 1784 could

452 1830 495 1884 5.
533 1824 635 1867 min
670 1819 1042 1867 censiusissent.
1414 1824 1503 1866 not
1552 1819 1682 1867 have
1738 1819 1851 1868 been
1897 1819 2047 1866 better
2095 1819 2360 1883 arranged

449 1901 495 1951 6.
534 1906 865 1958 reverterunt,
892 1903 1170 1951 redierunt.
1414 1917 1511 1949 nor
1523 1901 1608 1949 tlte
1624 1902 1770 1951 battle
1782 1918 1920 1951 more
1936 1903 2351 1969 bravelysought.

449 2000 495 2049 7.
533 1987 814 2051 referentes,
839 1987 1167 2035 declarantes.

369 2223 461 2274 ⁷9.
564 2220 771 2284 Scipi&
833 2220 1020 2273 victis
1082 2219 1666 2309 Carthaginiensibus
1726 2221 1891 2285 legen
1950 2224 2232 2285 imposuit
2293 2213 2357 2275 οὶ

477 2313 728 2367 Remum
765 2315 1015 2365 revertit
1051 2315 1156 2364 ubi
1180 2311 1496 2364 Anicium
1535 2315 1614 2364 ab
1653 2311 2087 2377 grenflantibus
2121 2315 2359 2367 civibus

478 2405 811 2470 appenatun
846 2411 956 2457 ent.

454 2549 1001 2628 Carthaginienses
1053 2558 1218 2611 metu
1268 2546 1558 2626 perculsi¹
1611 2548 1691 2608 ad
1746 2551 2080 2626 petendam
2137 2559 2355 2629 picem

274 2681 333 2735 ¹5
370 2647 668 2712 ὃτὲῐὸτὲε2
713 2651 979 2722 mittunt,
1028 2651 1277 2727 triginta
1321 2649 1587 2710 civitetis
1631 2651 1959 2729 principes,
2070 2652 2195 2726 Qui
2252 2653 2358 2713 ubi

369 2751 431 2810 in
479 2761 682 2811 castra
735 2753 1019 2810 Remena
1068 2757 1386 2823 venerunt,
1435 2748 1706 2810 veniam⁸
1756 2750 1990 2811 civiteti
2039 2753 2355 2828 petebant,

370 2859 494 2912 nen
518 2852 761 2929 culpam
792 2848 1148 2928 purgantes⁴
1177 2851 1289 2910 sed
1321 2849 1557 2909 initium
1591 2852 1809 2928 culpae
1841 2850 1904 2910 in
1937 2853 2356 2912 Hannibalem

369 2953 845 3029 transferentes,
902 2953 1101 3010 Victis
1132 2950 1302 3029 leges
1334 2950 1628 3029 imposuit
1660 2951 1885 3029 Scipie.
1963 2953 2195 3030 Legati,
2218 2972 2357 3013 cum

370 3052 568 3112 nullas
600 3051 998 3111 condicienes
1035 3049 1428 3123 recimerem&
1464 3053 1727 3111 Remam
1772 3052 2034 3129 profecti
2078 3063 2240 3127 sunt,
2273 3063 2355 3126 ut,

272 3184 333 3219 20
370 3172 528 3229 quae
557 3160 595 3212 ἑ
628 3152 915 3229 Scipiene
947 3161 1129 3229 pacta
1158 3147 1406 3224 essent⁶‚
1433 3171 1506 3211 ea
1538 3163 1779 3229 patrum
1809 3160 1886 3212 ec
1914 3153 2127 3230 populi
2157 3161 2360 3214 aucte-

558 3316 598 3350 1.
634 3302 859 3365 impulsi,
885 3307 1127 3365 permeti.
1499 3316 1545 3363 4.
1580 3307 1891 3351 excusantes.

555 3399 598 3433 2.
635 3387 834 3448 legdtb's.
1502 3396 1545 3450 5.
1583 3386 1837 3434 reicerent.

554 3483 599 3533 3.
638 3469 998 3518 remisst‘cinem.
1499 3467 1545 3517 6.
1580 3470 1850 3518 censtin'c'ta
1873 3476 2047 3519 essent.
