2676 3931
443 303 539 356 142
1081 318 1085 321 ·
1119 305 1166 352 Α
1180 302 1273 352 UL
1283 302 1376 352 US
1411 302 1509 351 GE
1511 301 1649 350 LLI
1649 300 1751 350 US.

442 474 701 532 duorum
753 472 1131 532 conflictatio
1182 468 1579 530 vaticinantis
1633 475 1803 527 motu
1853 475 2040 544 atque
2091 466 2298 525 verbis
2352 485 2443 525 re-

443 582 838 650 praesentata
869 581 982 633 est.

1297 737 1480 795 XVII,
1510 749 1586 799 17.

443 859 576 911 136.
651 853 1120 916 Mithradateml,
1137 856 1320 906 Ponti
1346 855 1556 918 regem,
1575 852 1824 906 duarum
1848 856 1915 904 et
1937 850 2152 915 viginti
2175 851 2444 914 gendum

552 950 768 1014 linguis
787 949 1091 1010 locfitum3
1133 948 1544 1011 Quintumque
1569 942 1844 996 Ennium²
1867 946 1983 995 tria
2008 944 2193 994 eorda
2217 941 2442 994 habere

345 1053 372 1107 5
555 1041 690 1094 εδειδ
732 1041 962 1092 dixisse
1004 1042 1169 1103 quod
1208 1039 1320 1089 tris
1359 1037 1589 1102 linguis
1630 1037 1824 1096 sciret,
1866 1037 2169 1092 Graecam,
2204 1035 2440 1091 oscam,

552 1134 839 1185 Latinam.

528 1262 799 1335 Quintus
848 1260 1084 1320 Ennius
1131 1259 1250 1319 tria
1296 1260 1487 1319 corda
1532 1259 1760 1318 habere
1806 1265 1943 1317 sese
1983 1257 2230 1316 dicebat
2269 1256 2438 1332 quod

443 1361 611 1437 loqui
669 1363 907 1420 Graece
967 1370 1028 1420 et
1087 1361 1252 1420 Osce
1311 1370 1375 1419 et
1434 1361 1654 1419 Latine
1714 1366 1912 1418 sciret.
2024 1356 2436 1415 Mithradates

443 1469 665 1533 autem,
713 1457 917 1520 ³P0nti
976 1470 1159 1536 atque
1222 1459 1545 1539 Bithyniae
1593 1466 1699 1518 rex
1745 1458 2028 1530 inclutus,
2080 1464 2185 1533 qui
2230 1465 2267 1514 a
2316 1458 2429 1516 Cn.

347 1578 405 1613 10
444 1560 738 1636 Pompeio
781 1560 945 1620 bello
989 1568 1315 1637 superatus
1360 1570 1471 1632 est,
1505 1559 1764 1618 duarum
1796 1568 1859 1618 et
1894 1557 2111 1635 viginti
2152 1551 2430 1633 gentium

444 1669 595 1736 quas
644 1662 759 1720 sub
807 1661 1051 1720 dicione
1101 1660 1336 1733 habuit,
1389 1660 1613 1738 linguis
1662 1661 1899 1720 locutus
1950 1668 2047 1718 est
2098 1666 2431 1733 earumque

441 1761 712 1821 omnium
742 1761 1016 1839 gentium
1041 1780 1178 1821 eum
1209 1762 1356 1820 viris
1387 1762 1552 1820 haud
1583 1779 1874 1838 umquam
1906 1779 2013 1837 per
2041 1759 2435 1834 interpretem

442 1862 803 1921 conlocutus
843 1871 955 1935 est,
989 1862 1098 1921 sed
1130 1871 1196 1921 ut
1226 1881 1533 1938 quemque
1565 1862 1644 1920 ab
1674 1868 1751 1921 eo
1783 1860 2077 1936 appellari
2114 1869 2261 1918 fisus
2295 1857 2430 1929 fuit,

442 1960 701 2038 proinde
744 1961 954 2040 lingua
993 1972 1055 2022 et
1098 1962 1377 2023 oratione
1419 1962 1614 2038 ipsius
1657 1969 1783 2021 non
1824 1959 2028 2020 minus
2066 1965 2220 2020 scite
2250 1977 2436 2036 quarn

347 2078 405 2131 15
443 2071 496 2121 si
523 2062 769 2139 gentilis
799 2063 931 2122 eins
961 2073 1142 2136 esset,
1177 2064 1420 2123 locutus
1452 2073 1564 2123 est.

528 2210 568 2244 1.
606 2197 967 2256 MithradateS,
993 2198 1274 2248 surnamed
1298 2200 1388 2249 the
1487 2200 1663 2249 father
1680 2200 1739 2249 of
1761 2200 1894 2249 their
1909 2207 2110 2266 poetry.
2171 2199 2272 2249 His
2297 2206 2434 2250 most

444 2280 618 2339 Great,
648 2280 800 2329 made
836 2282 981 2330 three
1017 2298 1147 2332 wars
1183 2284 1387 2345 against
1490 2284 1773 2348 important
1834 2283 1976 2332 work
2034 2300 2139 2333 was
2197 2299 2262 2332 an
2320 2283 2434 2347 epic

443 2363 533 2413 the
583 2366 830 2414 Romans.
928 2365 1015 2414 He
1063 2382 1166 2415 was
1212 2366 1390 2431 finally
1488 2382 1645 2430 poem
1685 2367 1853 2416 called
1893 2367 1982 2416 the
2023 2368 2235 2424 Annals,
2277 2366 2433 2430 being

443 2447 683 2496 subdued
741 2448 807 2514 by
869 2450 1113 2514 Pompey,
1172 2449 1235 2514 65
1285 2461 1386 2498 B.c.
1490 2466 1522 2499 a
1577 2450 1777 2515 history
1822 2450 1880 2499 of
1939 2451 2123 2499 Rome.
2209 2450 2295 2498 All
2352 2450 2433 2499 his

446 2531 631 2580 Cicero
656 2532 780 2581 calls
813 2531 920 2580 him
953 2532 1041 2580 the
1066 2539 1294 2595 greatest
1330 2532 1391 2581 of
1491 2533 1661 2583 works
1696 2549 1783 2583 are
1817 2534 1922 2583 lost
1963 2533 2236 2597 excepting
2269 2548 2302 2581 a
2333 2532 2434 2583 few

444 2613 514 2662 all
538 2613 689 2677 kings
715 2615 851 2664 after
874 2615 1183 2664 Alexander.
1489 2616 1791 2679 fragments.

531 2712 574 2745 2.
615 2698 833 2759 Ennius,
875 2699 1105 2763 239—169
1141 2710 1258 2757 B.c.,
1284 2715 1389 2748 was
1574 2715 1620 2765 3.
1661 2702 1860 2750 Pontus
1905 2699 2010 2749 and
2060 2698 2306 2766 Bithynia
2348 2715 2435 2749 are

446 2780 700 2843 regarded
733 2780 802 2846 by
826 2782 915 2831 the
948 2783 1179 2831 Romans
1208 2798 1266 2832 as
1300 2782 1389 2832 the
1490 2784 1763 2848 provinces
1787 2784 1841 2833 in
1869 2784 1999 2834 Asia
2024 2782 2212 2832 Minor.

1331 2951 1486 3009 XIX,
1512 2965 1559 3016 3.

449 3065 581 3117 13⁸7.
662 3066 841 3127 Quod
903 3069 1135 3130 turpius
1192 3073 1287 3119 est
1341 3068 1549 3132 fn'gid'e'
1612 3067 1844 3121 laudari
1914 3081 2094 3133 quam
2162 3070 2435 3120 acerbius

1167 3205 1171 3209 ,
1272 3160 1611 3223 vituperari.

530 3282 801 3358 Turpius
853 3303 989 3343 esse
1043 3285 1304 3345 dicebat¹
1344 3282 1705 3345 Favorinus¹
1755 3285 2164 3364 philosophus
2223 3284 2434 3363 exigue

449 3390 634 3456 atque
663 3381 883 3458 frigide
913 3384 1150 3443 laudari
1181 3404 1366 3460 quam
1399 3394 1776 3446 insectanter
1815 3395 1877 3446 et
1916 3385 2182 3463 graviter
2208 3384 2433 3461 vitupe-

884 3512 925 3547 1.
965 3500 1080 3548 One
1105 3499 1163 3547 of
1187 3501 1403 3550 Gellius'
1429 3501 1680 3559 teacher3‚
1707 3518 1795 3552 see
1816 3518 1867 3567 p.
1897 3503 2007 3552 106.
