2676 3931
283 1432 342 1468 10

286 1933 345 1987 15

286 2437 348 2472 20

376 327 472 378 138
1049 331 1097 378 A
1110 329 1202 378 UL
1213 329 1304 378 US
1341 322 1386 376 ‘G
1392 329 1440 377 E
1441 328 1579 376 LLI
1579 326 1679 376 US.

373 504 436 555 et
481 498 551 556 C.
599 493 1044 556 Gracchorum¹
1085 505 1275 573 pater,
1323 503 1524 554 rerum
1581 503 1892 572 gestarum
1939 495 2367 571 magnitudine

373 605 436 655 et
478 595 780 656 honorum
822 606 1008 672 atque
1046 605 1207 655 vitae
1244 595 1547 673 dignitate
1584 595 1868 654 inlustres
1899 594 2029 668 viri,
2064 595 2369 656 dissense-

375 705 516 755 runt
556 703 1002 773 saepenumero
1050 697 1128 755 de
1171 703 1236 755 re
1282 695 1533 772 publica
1583 704 1645 755 et
1694 703 1769 755 ea
1814 703 1945 754 sive
1986 705 2109 772 qua
2145 697 2266 757 alia
2301 705 2368 757 re

375 803 501 855 non
546 805 726 855 amici
768 797 1034 857 fuerunt.
1134 799 1223 856 Ea
1268 795 1549 855 simultas
1594 814 1734 855 cum
1778 795 1884 854 diu
1928 776 2261 857 mansisset
2304 807 2369 858 et

374 896 657 956 sollemni
688 896 786 956 die
817 897 1063 973 epulum
1097 900 1231 956 Iovi
1261 896 1554 955 libarEtur
1582 906 1767 974 atque
1798 899 1880 957 ob
1910 898 1973 958 id
2002 899 2367 959 sacrificium

375 1005 628 1056 senatus
660 996 722 1054 in
756 996 1066 1074 Capitolio
1097 997 1465 1074 epularetur,
1497 996 1628 1056 fors
1657 998 1775 1057 fuit
1805 1007 1871 1058 ut
1901 999 2067 1075 apud
2103 1000 2366 1059 eandem

375 1103 650 1156 mensam
697 1098 823 1157 duo
881 1098 967 1156 illi
1019 1097 1272 1157 iunctim
1324 1098 1687 1157 locarentur.
1795 1100 1972 1171 Tum,
2028 1100 2203 1176 quasi
2248 1100 2368 1158 diis

377 1198 820 1257 immortalibus
868 1198 1111 1257 arbitris
1169 1197 1230 1255 in
1291 1198 1576 1258 convivio
1637 1199 1804 1257 Iovis
1855 1200 2072 1275 optimi
2122 1200 2370 1259 maximi

377 1298 662 1357 dexteras
698 1305 909 1357 eorum
956 1298 1465 1371 conducentibuS,
1500 1308 1752 1376 repente
1801 1299 2154 1359 amicissimi
2198 1301 2366 1360 facti.

380 1400 598 1474 Neque
639 1397 838 1457 solum
875 1398 1142 1460 amicitia
1178 1398 1443 1476 incepta,
1478 1401 1589 1459 sed
1626 1400 1919 1459 adfinitas
1971 1400 2150 1459 simul
2203 1400 2373 1459 insti-

378 1507 543 1572 tuta3
605 1518 746 1558 nam
794 1501 858 1559 P.
909 1499 1116 1576 Scipio
1173 1500 1368 1558 filiam
1420 1500 1720 1577 virginem
1771 1500 2011 1559 habens
2069 1500 2188 1558 iam
2240 1500 2373 1561 viro

378 1608 694 1672 maturam,
728 1599 814 1658 ibi
845 1609 995 1658 tunc
1024 1601 1243 1660 eodem
1288 1600 1351 1658 in
1396 1601 1537 1660 loco
1576 1598 1908 1677 despondit
1951 1620 2087 1659 eam
2117 1600 2373 1660 Tiberio

379 1701 680 1774 Graccho,
741 1720 924 1777 quem
982 1702 1349 1777 probaverat
1411 1702 1803 1777 elegeratque
1878 1700 2374 1778 exploratissimo

380 1800 567 1860 iudici
597 1810 870 1878 tempore
901 1802 1047 1885 dum
1078 1800 1362 1860 inimicus
1392 1809 1575 1860 esset.

464 1902 763 1961 Aemilius
811 1903 1055 1979 quoque
1101 1897 1400 1979 Lepidus²
1442 1910 1504 1960 et
1551 1900 1803 1960 Fulvius
1850 1896 2147 1974 Flaccus⁸,
2181 1900 2375 1960 nobili

380 2023 605 2081 genere
644 2003 1162 2080 amplissimisque
1194 2001 1534 2062 honoribus
1570 2011 1644 2060 ac
1682 2009 1921 2061 summo
1952 2003 2090 2062 loco
2127 2003 2191 2060 in
2234 2002 2377 2061 civi-

381 2113 506 2163 tate
555 2105 832 2181 praediti,
867 2103 1013 2163 odio
1061 2103 1220 2162 inter
1267 2109 1405 2160 sese
1451 2110 1622 2178 gravi
1669 2112 1731 2162 et
1778 2102 2084 2161 simultate
2137 2102 2376 2161 diutina

382 2205 719 2265 conflictati
750 2209 909 2263 sunt.
1001 2205 1226 2262 Postea
1257 2202 1522 2278 populus
1553 2209 1663 2261 eos
1693 2202 1872 2260 simul
1897 2209 2187 2262 censores
2205 2202 2373 2262 facit.

383 2308 588 2383 Atque
628 2305 733 2378 illi,
766 2304 871 2363 ubi
909 2310 1061 2363 voce
1106 2303 1433 2379 praeconis
1476 2302 1810 2361 renuntiati
1856 2312 2017 2374 sunt,
2052 2302 2280 2361 ibidem
2312 2302 2375 2360 in

385 2402 647 2483 Campo4
682 2404 907 2477 statim,
947 2403 1223 2463 nondum
1268 2402 1524 2462 dimissa
1568 2402 1876 2474 contione,
1917 2402 2074 2462 ultro
2118 2412 2376 2478 uterque

383 2515 446 2565 et
487 2514 621 2583 pari
663 2505 979 2564 voluntate
1023 2503 1335 2563 coniuncti
1381 2503 1807 2580 complexique
1853 2513 2012 2576 sunt,
2056 2522 2255 2580 exque
2301 2511 2378 2563 e6

468 2700 509 2735 1.
540 2686 717 2736 These
743 2701 829 2735 are
853 2685 943 2734 the
971 2684 1181 2733 famous
1211 2683 1329 2733 trib·

385 2785 512 2819 unes
547 2770 663 2818 who
699 2785 830 2833 gave
868 2769 1003 2818 their
1042 2768 1171 2816 lives
1206 2767 1258 2817 in
1297 2783 1329 2816 a

384 2854 501 2901 vain
565 2860 784 2916 attempt
854 2859 910 2901 to
975 2851 1174 2900 redress
1237 2851 1328 2900 the

382 2952 588 3000 wrongs
613 2937 671 2985 of
695 2937 783 2985 the
810 2936 1013 2999 people.
1085 2934 1326 2984 Tiberius

384 3035 488 3069 was
524 3019 684 3070 killed
724 3019 793 3084 by
827 3035 859 3068 a
895 3018 1035 3076 mob,
1074 3031 1168 3082 133
1208 3030 1323 3075 B.c.,

385 3103 561 3162 Caius,
593 3117 678 3151 121
712 3115 812 3151 B.c.

469 3202 512 3235 2.
550 3188 597 3236 A
667 3185 1047 3249 distinguished
1117 3186 1325 3234 Roman

384 3270 501 3319 who
536 3269 656 3319 died
698 3283 787 3335 15²
824 3281 939 3327 13.c.‚
963 3268 1060 3317 full
1088 3266 1146 3317 of
1180 3283 1327 3333 years

385 3352 490 3402 and
514 3354 723 3402 honors.

472 3450 515 3500 3.
551 3436 749 3484 Gellius
786 3435 830 3484 is
869 3434 1128 3485 mistaken
1154 3434 1207 3483 in
1236 3434 1326 3483 the

386 3533 522 3567 man.
594 3519 645 3567 It
681 3517 874 3567 should
907 3517 972 3567 be
1011 3518 1084 3567 M.
1113 3517 1328 3568 Fulvius

1433 2681 1691 2740 Nobilior,
1727 2682 1845 2731 who
1880 2696 1985 2730 was
2029 2694 2217 2730 censor
2253 2679 2378 2728 with

1433 2765 1677 2829 Lepidus,
1709 2778 1802 2828 179
1829 2777 1928 2813 Rc,
1991 2764 2135 2830 Livy,
2162 2764 2252 2813 the
2278 2763 2379 2812 Ro·

1431 2865 1550 2898 man
1598 2849 1868 2905 historian,
1918 2847 2035 2897 tells
2082 2847 2188 2896 this
2234 2855 2380 2912 story

1429 2933 1592 2982 about
1617 2932 1775 2990 them,
1802 2932 1896 2980 Bk.
1924 2932 2038 2988 XL,
2064 2944 2130 2997 45
2153 2930 2257 2979 and
2281 2928 2360 2989 46.

1512 3030 1557 3088 4.
1596 3016 1711 3065 The
1766 3015 2000 3079 Campus
2061 3013 2301 3071 Martiu8‚
2348 3028 2381 3061 a

1427 3099 1568 3163 large
1591 3100 1733 3163 plain
1759 3098 1968 3148 outside
1995 3097 2086 3147 the
2109 3096 2214 3163 city
2238 3096 2379 3146 walls

1429 3183 1481 3232 in
1507 3183 1597 3233 the
1621 3182 1760 3232 b'end
1789 3183 1847 3231 of
1882 3182 1972 3232 the
2006 3180 2179 3238 Tiber,
2204 3180 2381 3229 north·

1431 3274 1557 3316 west
1590 3266 1650 3315 of
1685 3266 1775 3316 the
1809 3266 2119 3330 Capitoline.
2191 3264 2242 3313 It
2274 3279 2380 3314 was

1431 3349 1561 3400 used
1620 3350 1706 3399 for
1756 3349 2007 3399 elections
2062 3347 2167 3399 and
2234 3348 2380 3414 large

1430 3434 1745 3485 assemblies.
