2676 3931
374 318 445 369 42
1000 318 1095 366 FA
1101 317 1153 366 B
1161 318 1304 367 ULA
1309 319 1366 367 E
1412 318 1506 366 FA
1516 318 1694 367 CILE
1693 318 1748 367 S.

1101 521 1193 570 27.
1271 522 1447 571 Mors
1469 518 1658 572 Pholi.

467 662 805 737 Postquam
848 659 1069 738 reliqui
1107 661 1415 739 fugerunt,
1451 660 1682 721 Pholus
1721 681 1799 721 ex
1838 669 2016 722 antro
2057 661 2384 740 egressus1.

379 771 475 820 est
524 770 587 821 et
636 779 894 838 corpora
951 761 1276 838 spectabat
1326 769 1538 822 eorum
1597 770 1704 839 qui
1763 762 2004 840 sagittis
2062 762 2375 824 interfecti

380 870 572 921 erant.
664 863 1046 940 Magnopere
1079 870 1285 921 autem
1315 870 1574 921 miratus
1603 870 1700 922 est
1730 863 1898 940 quod
1927 872 2053 922 tam
2083 861 2229 923 levi²
2248 864 2376 923 vol-

285 983 311 1036 5
381 978 527 1021 nere
585 961 919 1021 exanimati
976 959 1189 1036 erant⁸‚
1250 970 1314 1021 et
1371 980 1622 1021 causam
1682 961 1815 1021 eius
1873 971 1961 1023 rei
2017 964 2373 1039 quaerebat.

380 1060 554 1120 Adiit
597 1060 779 1139 igitur
822 1062 1024 1121 locum
1066 1061 1173 1121 ubi
1213 1061 1480 1122 cadaver
1518 1061 1838 1122 cuiusdam
1881 1065 2177 1124 Centauri
2217 1064 2376 1124 iace-

380 1162 507 1235 bat,
544 1170 607 1221 et
636 1160 923 1239 sagittam
954 1169 988 1221 e
1017 1161 1270 1222 volnere
1298 1162 1499 1222 traxit.
1593 1164 1773 1223 Haec
1801 1172 2027 1237 tamen,
2062 1173 2191 1225 sive
2221 1173 2374 1224 cassi

382 1269 511 1321 sive
541 1260 804 1322 consilio
834 1262 1107 1335 deorum,
1142 1269 1175 1321 e
1205 1261 1492 1322 manibus
1523 1263 1656 1322 eius
1697 1263 1873 1340 lapsa
1913 1274 2008 1324 est
2047 1273 2109 1324 et
2149 1265 2374 1341 pedem

381 1360 599 1421 leviter
640 1361 1000 1422 volneravit.
1111 1360 1226 1422 Ille
1271 1361 1608 1439 extemplo*
1649 1362 1924 1424 dolorem
1967 1383 2216 1442 gravem
2261 1384 2374 1442 per

286 1485 345 1520 10
381 1461 589 1521 omnia
639 1461 916 1521 membra
967 1462 1162 1523 sensit
1210 1471 1273 1523 et
1318 1472 1462 1540 post
1518 1463 1704 1523 breve
1751 1472 1996 1541 tempus
2042 1473 2104 1524 vi
2149 1472 2376 1525 veneni

381 1560 769 1621 exanimatus
811 1570 924 1647 est.
1017 1562 1169 1622 Mox
1211 1562 1537 1636 Hercules
1572 1573 1679 1640 qui
1709 1563 1981 1641 reliquos
2024 1566 2374 1626 Centauros

381 1670 629 1722 secutus
665 1670 813 1735 erat,
846 1661 927 1721 ad
958 1671 1203 1722 antrum
1235 1662 1417 1723 rediit
1446 1672 1507 1722 et
1538 1670 1764 1742 magno
1794 1682 1934 1724 cum
1963 1664 2175 1725 dolore
2218 1667 2375 1725 Pho-

382 1760 507 1820 lum
551 1770 858 1821 mortuum
903 1762 1073 1822 vidit.
1164 1762 1383 1822 Multis
1426 1781 1568 1822 cum
1613 1763 1881 1823 lacrimis
1924 1783 2154 1850 corpus*
2192 1775 2376 1825 amici

382 1861 463 1921 ad
506 1861 882 1938 sepulturam
927 1862 1142 1936 dedit3
1187 1872 1336 1937 tum,
1380 1872 1710 1940 postquam
1756 1865 2016 1925 alterum
2060 1865 2377 1944 cyathum¹⁵

286 1984 347 2039 15
381 1971 509 2023 vini
539 1960 762 2037 hausit,
791 1959 1035 2023 6εοῐῐιῐιὸ
1066 1971 1133 2024 se
1162 1962 1351 2025 dedit.

601 2109 644 2145 ῐ.
680 2095 746 2145 cf.
774 2096 905 2160 Eng.
929 2111 1110 2160 egress.
1511 2113 1560 2159 4.
1595 2100 1782 2147 statim.

599 2192 644 2228 2.
677 2185 861 2243 parvci.
1516 2193 1560 2246 5.
1596 2180 1661 2230 cf.
1686 2198 1736 2245 p.
1762 2195 1842 2243 41,
1865 2183 1898 2231 1.
1922 2182 1971 2233 6.

598 2275 644 2328 3.
679 2268 831 2312 occist·
843 2268 1009 2313 erant.
1511 2263 1558 2314 6.
1594 2267 1801 2329 quievit,
1824 2267 2081 2316 dormivit.

432 2463 528 2515 28.
605 2465 804 2515 Labor
829 2462 1104 2527 quintus:
1145 2463 1440 2516 Hercules
1465 2466 1768 2516 stabulum
1794 2465 2065 2530 Augeael
2090 2466 2320 2532 purgat.

465 2603 713 2665 Deinde
759 2605 1139 2684 Eurystheus
1189 2605 1448 2666 Herculi
1491 2607 1763 2668 laborem
1815 2608 1981 2668 hunc
2029 2609 2375 2687 graviorem

381 2704 689 2782 imposuit.
779 2708 1028 2783 Augeas
1072 2706 1341 2784 quidam,
1388 2715 1495 2783 qui
1538 2706 1645 2767 illo
1688 2717 1966 2786 tempore
2007 2717 2262 2788 regnum
2308 2711 2373 2771 in

377 2790 560 2865 {lide
588 2804 927 2878 obtinebat,
959 2804 1080 2866 tria
1109 2806 1275 2865 milia
1303 2807 1494 2866 boum
1526 2807 1816 2870 habebat.
1912 2810 2001 2867 Hi
2029 2810 2092 2867 in
2126 2811 2374 2871 stabulo

281 2918 344 2953 20
381 2901 674 2983 ingentis²
715 2905 1156 2983 magnitudinis
1216 2905 1731 2981 includebantur3
1798 2908 2109 2968 stabulum
2168 2919 2374 2970 autem

379 3000 630 3065 inluvie⁸
678 3013 751 3065 ac
803 3005 1088 3081 squalore
1140 3002 1433 3065 obsitum⁴
1474 3016 1621 3080 erat,
1666 3026 1867 3083 neque
1907 3009 2071 3068 enim
2123 3010 2203 3069 ad
2252 3009 2375 3071 hoc

377 3113 622 3182 tempus
653 3124 945 3181 umquam
975 3114 1299 3183 purgatum
1330 3116 1479 3165 erat.
1572 3108 1716 3167 Hoc
1755 3107 1958 3168 iussus
1998 3120 2094 3183 est
2136 3107 2375 3170 Hercu—

378 3205 468 3265 les
512 3205 674 3265 intra
717 3205 984 3282 spatium
1024 3214 1207 3265 unius
1247 3205 1373 3266 diei
1413 3214 1689 3285 purgare.
1782 3208 1914 3281 Ille,
1948 3217 2065 3269 etsi
2104 3216 2204 3270 res
2241 3221 2375 3282 erat

466 3351 509 3387 1.
546 3339 773 3401 Augeas,
797 3336 925 3402 king
949 3337 1009 3386 of
1032 3338 1157 3388 Elis.
1223 3338 1324 3388 His
1469 3385 1476 3390 ,
1512 3335 1555 3389 2'.
1593 3342 1869 3389 maximae.

377 3420 573 3471 stables
597 3419 701 3469 had
726 3427 821 3470 not
844 3420 976 3470 been
1005 3421 1219 3471 cleaned
1239 3421 1326 3471 for
1509 3437 1555 3487 3.
1580 3421 1723 3486 filth.

378 3503 537 3570 thirty
559 3518 724 3571 years.
1507 3518 1555 3567 4.
1590 3506 1902 3570 squalidum.
