2676 3931
1081 375 1297 424 HERC
1301 375 1506 424 ULES.
2222 376 2286 427 41

295 561 484 618 quam
510 542 806 601 Centauri
836 541 921 601 ibi
952 543 1385 619 deposuerant.
1464 543 1693 602 Pholus
1725 544 1909 621 igitur
1936 545 2056 604 hoc
2079 553 2289 604 vinum

294 642 444 701 dare
485 641 751 715 nolebat,
786 642 953 718 quod
995 642 1265 718 reliquos
1307 645 1656 703 Centauros
1697 641 2009 718 timebat13
2058 645 2287 705 nullum

293 752 501 801 tamen
563 750 771 801 vinum
845 753 1086 819 praeter
1154 742 1273 802 hoe
1331 743 1395 801 in
1455 751 1631 804 antro
1687 744 1977 804 habebat.
2086 742 2121 767 “
2147 746 2290 805 Hoc

293 842 568 917 vinum‚''
614 841 830 919 inquit,
885 840 1091 901 “mihi
1141 843 1541 902 commissum
1593 840 1723 903 est2.
1822 845 1887 903 Si
1940 845 2122 922 igitur
2169 846 2290 905 hoc

296 943 482 1016 dabo,
527 943 823 1002 Centauri
872 949 968 1002 me
1015 943 1444 1003 interficient.'’
1535 945 1841 1004 Hercules
1890 954 2100 1005 tamen
2149 965 2289 1006 eum

294 1040 519 1102 inrisit³
546 1051 609 1103 et
637 1042 771 1120 ipse
801 1040 1116 1122 cyathum⁴
1143 1052 1271 1102 vini
1300 1063 1377 1104 ex
1407 1045 1705 1123 amphora
1736 1045 1962 1106 hau‘sit.

386 1206 431 1240 1.
466 1194 723 1242 metuibat.
1170 1207 1215 1258 3.
1251 1195 1444 1242 derisit.
1514 1194 1580 1244 cf.
1608 1195 1737 1259 Eng.
1762 1196 1949 1254 dm'de,
1974 1196 2204 1246 ridicule.

385 1290 430 1325 2.
465 1277 772 1325 mandatum
795 1283 884 1326 est.
1109 1339 1115 1344 .
1170 1291 1217 1337 4.
1244 1279 1508 1340 pciculum.

800 1532 893 1584 26.
969 1533 1268 1585 Proelium
1293 1546 1433 1584 cum
1458 1533 1787 1586 Centauris.

383 1688 603 1751 ¹Simul
644 1701 830 1768 atque
871 1692 1168 1770 amphora
1204 1690 1445 1770 ²³aperta
1482 1703 1596 1767 est,
1629 1695 1782 1754 odor
1812 1695 2290 1755 iucundissimus

299 1791 576 1868 undique
629 1792 891 1853 diffusus
942 1802 1080 1866 est3
1147 1802 1356 1852 vinum
1416 1794 1581 1853 enim
1639 1792 2093 1854 suavissimum³
2142 1804 2287 1855 erat.

301 1893 600 1952 Centauri
650 1888 887 1952 notum⁴
928 1893 1181 1968 odorem
1227 1900 1555 1954 senserunt
1598 1904 1661 1955 et
1703 1901 1919 1955 omnes
1964 1896 2044 1954 ad
2087 1896 2288 1955 locum

297 2000 738 2053 convenerunt.

384 2092 512 2153 Ubi
543 2094 624 2153 ad
654 2104 896 2153 antrum
926 2102 1357 2172 pervenerunt,
1383 2104 1755 2174 magnopere
1781 2104 1918 2156 irati
1948 2107 2093 2157 sunt
2123 2097 2291 2173 quod

303 2193 641 2253 Herculem
682 2192 1024 2255 bibentem⁵
1051 2196 1354 2256 viderunt.
1444 2197 1603 2254 Tum
1648 2215 1816 2255 arma
1854 2204 2187 2274 rapuerunt
2230 2205 2292 2257 et

302 2294 563 2353 Pholum
603 2294 946 2355 interficere
989 2295 1300 2356 volebant.
1394 2296 1701 2357 Hercules
1742 2307 1949 2357 tamen
1994 2297 2056 2355 in
2101 2294 2293 2357 aditi1⁶

299 2403 459 2454 antri
501 2394 777 2455 constitit
833 2404 896 2456 et
954 2394 1249 2472 impetum
1292 2405 1506 2457 eorum
1547 2397 1881 2457 fortissime
1924 2397 2286 2457 sustinebat.

296 2492 519 2555 ⁷Faces
569 2496 859 2556 ardentes
913 2495 975 2555 in
1032 2504 1140 2556 eos
1193 2497 1478 2570 coniecit,
1534 2498 1760 2557 multos
1810 2496 1995 2557 etiam
2048 2497 2290 2575 sagittis

298 2605 430 2655 suis
459 2595 815 2656 volneravit.
907 2598 1047 2657 Hae
1093 2606 1299 2657 autem
1346 2598 1605 2675 sagittae
1636 2598 1888 2658 eaedem
1925 2607 2101 2657 erant
2131 2617 2289 2674 quae

298 2696 602 2774 sanguine
662 2697 919 2775 Hydrae
977 2694 1146 2757 ⁸61im
1206 2698 1475 2757 imbutae
1534 2708 1727 2758 erant.
1817 2698 2051 2758 Omnes
2110 2698 2292 2776 igitur

298 2804 459 2874 quos
506 2796 609 2856 ille
648 2797 887 2874 sagittis
923 2797 1365 2871 volneraverat,
1401 2796 1666 2858 veneno⁹
1694 2798 1898 2858 statim
1939 2794 2291 2877 ¹⁰absfimpti

2330 1913 2389 1950 10

2330 2412 2389 2466 15

297 2906 486 2956 sunt:
533 2896 753 2973 reliqui
798 2907 1021 2971 autem,
1054 2898 1160 2956 ubi
1204 2899 1324 2957 hoc
1370 2898 1670 2971 viderunt,
1719 2895 1932 2977 llterga
1976 2906 2289 2959 verterunt
2326 2913 2387 2952 20

301 3005 365 3057 et
394 2997 542 3075 fuga
574 2997 832 3058 salutern
864 2996 1192 3075 petierunt.

387 3161 429 3195 1.
466 3146 531 3196 cf.
557 3163 605 3211 p.
632 3161 712 3209 40,
735 3147 769 3196 l.
793 3146 842 3196 6.
1428 3147 1476 3198 6.
1512 3150 1646 3207 ὅείὶὅ,
1671 3149 1870 3198 lt’mine.

384 3244 429 3279 2.
468 3232 591 3279 Ant.
622 3233 795 3279 clausa
822 3236 909 3279 est.
1415 3244 1463 3292 7.
1493 3231 1563 3280 cf.
1589 3247 1637 3295 p.
1665 3246 1744 3296 39,
1769 3232 1803 3279 1.
1834 3246 1875 3280 1.

383 3328 428 3378 3.
464 3315 832 3363 dulcissimum.
1411 3313 1460 3364 8.
1501 3316 1611 3364 Par.
1637 3317 1892 3379 quondam
1918 3317 2101 3365 tinctae
2126 3322 2290 3365 erant.

382 3412 429 3458 4.
468 3398 592 3445 Ant.
618 3403 862 3460 igno'tum.
1410 3412 1458 3462 9.
1496 3399 1561 3447 cf.
1594 3400 1724 3462 Eng.
1749 3402 1943 3448 venom‘.
1998 3393 2023 3466 J

386 3493 430 3547 5.
466 3480 532 3530 cf.
559 3481 689 3545 Eng.
714 3482 904 3530 imbibe.
1384 3495 1457 3531 10.
1493 3484 1659 3531 abldtz’
1691 3490 1828 3541 sunt,
1858 3483 1935 3532 i.e.
1962 3488 2132 3531 necdti‘
2155 3489 2290 3531 sunt.

1086 3577 1162 3612 11.
1202 3564 1300 3614 See
1325 3564 1529 3616 idioms.
