2676 3931
291 1064 321 1119 5

292 1567 353 1603 10

291 2069 352 2123 1⁵

290 3290 353 3325 20

386 331 457 383 44
1012 333 1163 382 ΓΑΒ
1172 333 1314 382 ULA
1319 334 1376 382 E
1420 334 1515 382 FA
1526 335 1758 384 CILES.

460 579 555 629 30.
631 578 831 628 Labor
856 579 1179 641 sepiamus:
1221 579 1516 631 Hei-culae
1540 585 1774 632 taurum
1808 595 1890 633 ex
1920 581 2098 635 crata
2121 583 2311 634 refert.

471 737 632 794 Tum
656 734 979 812 imperavit
1004 737 1263 797 Herculi
1290 738 1668 816 Eurystheus
1700 748 1766 798 ut
1794 748 2035 799 taurum
2066 741 2381 817 quendam

387 833 857 898 ferocissimum¹
887 855 962 895 ex
993 837 1194 896 insula
1227 839 1413 897 Creta
1442 846 1648 898 vivum
1677 839 1944 899 referret.
2036 840 2148 900 Ille
2192 840 2383 918 igitur

385 933 627 996 ²navem
672 936 1038 997 conscendit
1079 946 1158 1011 et,
1191 956 1332 997 cum
1376 947 1599 998 ventus
1644 937 1930 999 idoneus⁸
1957 950 2136 1014 esset,
2170 941 2380 1001 statim

389 1035 610 1098 solvit&
700 1040 859 1098 Cum
903 1046 1111 1097 tamen
1157 1039 1395 1098 insulae
1440 1038 1562 1097 iam
1612 1039 2153 1117 appropinquaret,
2203 1049 2381 1102 tanta

387 1147 726 1216 tempestas
769 1137 974 1197 subito
1019 1147 1231 1198 coorta
1267 1149 1363 1198 est
1403 1148 1470 1198 ut
1509 1139 1683 1199 navis
1725 1159 1971 1199 cursum
2011 1148 2220 1201 tene-re
2249 1150 2381 1202 non

387 1247 620 1317 posset.
707 1239 946 1298 Tantus
976 1247 1181 1299 autem
1210 1238 1393 1298 timor
1423 1239 1661 1299 animos
1692 1249 2014 1300 nautarum
2049 1243 2384 1319 occupavit

388 1348 457 1399 ut
501 1358 699 1417 paene
745 1357 990 1399 omnem
1036 1358 1211 1417 spem
1262 1339 1479 1399 sallitis
1522 1338 1941 1417 deponerent⁵.
2050 1342 2379 1416 HerculeS‚

387 1450 612 1514 tamen,
645 1448 766 1499 etsi
804 1438 1138 1517 navigandi
1175 1438 1519 1518 imperitus⁶
1548 1449 1696 1514 erat,
1730 1439 2236 1520 haudquaquam⁷
2263 1451 2380 1503 ter-

387 1542 540 1602 ritus
568 1551 681 1601 est.

473 1644 621 1702 Post
657 1642 844 1702 breve
884 1650 1129 1719 tempus
1170 1660 1409 1701 summa
1448 1641 1858 1719 tranquillitas
1888 1650 2223 1704 consecfita
2260 1653 2378 1720 est,

387 1753 450 1804 et
484 1752 728 1817 nautae,
762 1751 868 1820 qui
907 1750 975 1803 se
1014 1761 1090 1803 ex
1128 1742 1347 1803 timore
1387 1742 1508 1801 iam
1549 1750 1924 1821 receperant,
1954 1752 2173 1804 navem
2215 1743 2381 1805 inco-

387 1840 638 1904 lumem⁸
666 1844 746 1903 ad
788 1852 1013 1903 terram
1057 1844 1491 1921 perdfixerunt.
1584 1843 1891 1904 Hercules
1927 1851 1961 1904 e
1991 1852 2137 1905 navi
2180 1852 2381 1923 egres-

388 1963 495 2006 sus
533 1953 629 2005 est
669 1953 748 2019 et,
781 1962 921 2005 cum
961 1944 1042 2005 ad
1081 1951 1287 2023 regem
1334 1946 1557 2006 Cretae
1592 1943 1882 2018 venisset,
1917 1963 2169 2005 causam
2212 1945 2381 2006 veni-

387 2046 533 2107 endi
576 2046 802 2106 docuit.
893 2044 1157 2120 Deinde,
1202 2055 1532 2123 postquam
1576 2045 1782 2105 omnia
1833 2054 2049 2123 parata
2100 2055 2261 2120 sunt,
2296 2047 2380 2107 ad

387 2165 524 2206 eam
575 2146 890 2224 regionem
941 2145 1261 2206 contendit
1312 2165 1495 2222 quam
1547 2155 1760 2205 taurus
1806 2148 2105 2207 vastabat.
2224 2147 2380 2207 Mox

386 2256 628 2307 taurum
658 2246 811 2306 vidit
851 2256 939 2320 et,
973 2265 1348 2324 quamquam
1379 2253 1478 2306 res
1521 2255 1651 2306 erat
1691 2254 1898 2324 magni
1944 2247 2217 2324 periculi,
2249 2266 2380 2308 cor-

388 2366 511 2407 nua
568 2346 702 2407 eius
759 2343 1125 2424 prehendit⁹.
1227 2348 1406 2420 Tum,
1447 2364 1587 2405 cum
1648 2345 1884 2425 ingenti
1941 2348 2153 2408 labore
2210 2355 2379 2408 mon-

386 2457 580 2507 strum
611 2448 692 2507 ad
721 2456 940 2507 navem
970 2446 1274 2520 traxisset,
1301 2465 1441 2506 cum
1472 2447 1704 2524 praeda
1733 2446 1796 2505 in
1826 2445 2152 2508 Graeciam
2174 2447 2377 2510 rediit.

474 2611 515 2645 1.
549 2599 917 2647 saevissimum.
1520 2610 1562 2662 5.
1596 2598 1922 2656 dt’mitoerent,
1945 2598 2207 2647 abicerent.

472 2695 516 2730 2.
554 2681 654 2730 See
677 2680 882 2731 idioms.
1512 2679 1560 2729 6.
1597 2685 1827 2744 ignarus.

469 2779 516 2830 3.
550 2772 715 2827 aptus,
740 2766 1039 2823 commodus,
1063 2765 1327 2813 secundus.
1516 2777 1562 2825 7.
1599 2769 1940 2828 naquaquam,
2005 2765 2218 2814 minimi
2278 2781 2380 2815 om-

469 2863 516 2910 4.
554 2848 655 2897 Lit.
683 2850 748 2898 he
765 2839 956 2907 'loosed‚
983 2847 1232 2911 referring
1271 2855 1328 2896 to
1433 2849 1595 2905 nium,
1620 2853 1722 2896 nan
1746 2853 1967 2897 omnin&

386 2933 586 2997 casting
642 2932 720 2981 off
786 2932 875 2981 the
932 2947 1087 2996 ropes
1149 2930 1329 2981 before
1513 2930 1561 2980 8.
1597 2932 1810 2990 salvam,
1841 2932 2109 2995 integram.

385 3016 586 3080 sailing.
1516 3027 1563 3078 9.
1599 3014 1834 3063 manibus
1856 3016 1996 3077 cipit.

565 3270 661 3319 31.
737 3270 936 3319 Labor
961 3267 1253 3319 octavus:
1295 3265 1591 3318 Hercul&
1615 3271 1680 3319 et
1705 3266 1844 3330 equi
1868 3266 2185 3319 Diomadis.

476 3412 811 3484 Postquam
856 3428 931 3468 ex
975 3408 1176 3468 insula
1224 3410 1410 3468 Crata
1459 3407 1658 3481 rediit,
1714 3407 2020 3468 Hercules
2071 3409 2150 3468 ab
2193 3409 2380 3488 Eury-

388 3509 567 3569 stheo
596 3507 662 3566 in
689 3507 1020 3567 Thraciam
1050 3506 1276 3567 missus
1317 3515 1415 3566 est
1445 3515 1511 3565 ut
1551 3515 1746 3585 equos
1779 3505 2101 3568 Diomedis
2131 3508 2380 3569 redacc-
