2676 3931
323 331 424 383 134
1004 331 1051 378 A
1064 330 1158 379 UL
1168 329 1260 379 US
1297 330 1397 379 GE
1398 330 1536 378 LLI
1535 329 1639 379 US.

326 518 658 575 numquam
717 497 875 558 afuit
927 496 1098 574 quin¹
1155 494 1384 573 ²lepide
1464 497 1843 573 comiterque
1906 499 2200 576 pleraque
2258 508 2321 559 et

323 602 555 660 faceret
587 609 649 659 et
679 600 927 659 diceret.
1018 599 1322 657 Feruntur
1353 594 1536 656 ade6³
1565 597 1704 656 libri
1734 598 2135 674 epistularum
2166 599 2317 672 eiuS,

326 697 685 759 munditiae4
737 708 798 758 et
855 698 1197 757 venustatis
1245 706 1308 756 et
1359 697 1722 774 prudentiae
1770 698 2108 774 plenarum,
2156 698 2322 758 velut

327 810 471 860 sunt
502 800 641 860 illae
672 798 912 858 litterae
938 798 1162 874 quibus
1187 797 1507 858 Aristoteli
1536 797 1910 874 philosopho
1942 806 2151 858 natum
2180 818 2318 859 esse

165 945 177 958 .
232 915 258 968 5
327 901 447 961 sibi
477 899 898 960 Alexandrum
929 898 1247 958 nuntiavit.

413 1003 503 1060 Ea
531 1000 815 1078 epistula,
837 999 1129 1075 quoniam
1156 996 1362 1058 ‘curae
1392 998 1873 1076 diligentiaeque
1905 999 1968 1056 in
1991 998 2320 1059 liberorum

329 1100 690 1177 disciplinas
719 1095 1194 1158 hortamentum⁶
1223 1108 1334 1171 est,
1358 1098 1765 1157 exscribenda
1788 1107 1919 1157 visa
1942 1108 2034 1158 est
2058 1099 2138 1158 ad
2161 1118 2319 1158 com—

328 1201 673 1261 monendos
725 1208 1049 1276 parentum
1091 1198 1348 1257 animos.
1442 1197 1846 1275 Exponenda⁷
1873 1207 1969 1258 est
2012 1198 2196 1276 igitur
2239 1199 2321 1258 ad

328 1303 492 1361 hanc
521 1302 713 1361 ferme
750 1299 1119 1359 sententiam
1145 1324 1157 1359 ε

234 1432 295 1468 10
413 1399 447 1425 “
471 1400 792 1477 Philippus
826 1399 1147 1459 Aristoteli
1174 1396 1455 1459 ⁸saliitem
1487 1399 1653 1459 dicit.

416 1502 638 1562 Filium
667 1502 817 1561 mihi
859 1503 1137 1580 genitum
1174 1511 1347 1564 scito.
1436 1500 1645 1578 Quod⁹
1673 1503 1960 1579 equidem
1992 1503 2088 1562 dis
2117 1503 2321 1564 habes)

329 1600 647 1680 gratiamm,
675 1611 801 1663 non
833 1600 1133 1681 llproinde
1166 1603 1309 1681 quia
1342 1612 1525 1663 natus
1555 1612 1649 1662 est
1680 1622 1862 1679 quam
1893 1610 2006 1680 pro
2036 1611 2128 1676 eo,
2152 1604 2322 1680 quod

332 1711 503 1763 nasci
549 1704 807 1782 contigit
853 1704 1235 1782 temporibus
1282 1713 1446 1763 vitae
1491 1713 1652 1763 tuae.
1744 1705 1936 1780 Spero
1980 1703 2142 1763 enim
2185 1703 2321 1763 fore

331 1813 416 1876 ut,
450 1804 710 1864 eductus
753 1805 1151 1882 eruditusque
1181 1813 1218 1864 a
1247 1812 1325 1877 te,
1361 1805 1584 1882 dignus
1628 1803 1884 1863 exsistat
1927 1812 1990 1862 et
2034 1803 2215 1864 nobis
2258 1812 2323 1863 et

238 1932 296 1986 15
331 1900 575 1963 12rerum
615 1904 868 1964 istarum
900 1905 1355 1983 susceptione.''
1864 1900 1870 1905 ’

418 2064 459 2098 1.
496 2057 555 2099 ut
576 2057 695 2100 min.
1493 2065 1538 2113 7.
1575 2052 1846 2101 reddenda.
1942 2051 2111 2115 Philip
2178 2058 2325 2100 natu·

417 2148 461 2181 2.
498 2136 667 2197 neatly
688 2136 802 2184 and
818 2136 1140 2197 courteously.
1375 2135 1502 2200 rally
1542 2143 1701 2184 wrote
1738 2135 1792 2184 in
1835 2135 2022 2184 Greek.

416 2231 461 2282 3.
497 2223 629 2267 virzi.
1491 2217 1540 2266 8.
1579 2219 1677 2267 See
1700 2218 1906 2267 idioms.

415 2313 461 2361 4.
497 2302 786 2366 Zlegantiae.
1495 2316 1542 2365 9.
1579 2317 1686 2351 acc.
1730 2301 1788 2350 of
1831 2300 2200 2366 specification‚
2246 2301 2322 2351 lit-

420 2397 461 2449 5.
502 2384 776 2449 Objective
844 2384 1097 2447 genitives
1155 2384 1239 2433 de-
1378 2385 1536 2450 erally
1570 2402 1629 2432 as
1662 2392 1708 2433 to
1741 2386 1924 2434 which.

332 2467 561 2531 pending
584 2484 654 2516 on
678 2469 1075 2516 hortamentum.
1466 2482 1539 2517 10.
1580 2469 1679 2518 See
1701 2468 1906 2517 idioms.

416 2550 462 2601 6.
503 2551 663 2599 What
694 2551 737 2600 is
766 2551 855 2600 the
884 2551 1027 2601 force
1061 2551 1118 2600 of
1152 2551 1242 2600 the
1466 2565 1540 2599 11.
1567 2553 1789 2616 proinde
1814 2588 1825 2600 .
1851 2587 1862 2599 .
1890 2588 1900 2598 .
1921 2567 2076 2615 quam
2094 2556 2328 2615 =aequ2

332 2632 484 2683 suffix
504 2641 748 2683 -mentum
769 2636 796 2684 ἒ
1378 2651 1439 2684 or
1451 2637 1661 2698 pariter
1681 2670 1694 2683 .
1719 2671 1732 2684 .
1758 2671 1770 2683 .
1794 2641 1869 2685 dc.

1066 2730 1144 2766 12.
1181 2718 1294 2766 Par.
1316 2723 1409 2766 sut·
1422 2722 1582 2782 rigni
