2676 3931
854 260 861 267 ²
949 300 1255 349 NOCTES
1296 300 1654 349 ATTICAE.
2205 301 2298 352 125

303 465 418 528 las¹
444 469 458 495 '
487 469 623 527 fuit.
715 454 1023 544 Emptum²
1049 465 1310 528 Chares⁸
1337 468 1582 545 scripsit
1612 466 1886 528 talentis4
1914 470 2208 530 tredecim
2239 482 2301 530 et

305 577 435 646 regi
469 565 781 645 Philipp6⁸
809 565 1128 630 donatum²
1155 592 1169 642 3
1214 570 1334 628 hoc
1365 578 1571 629 autem
1602 567 1784 630 ‘aeris
1821 580 2017 631 nostri
2062 590 2303 631 summa

305 679 403 729 est
433 666 739 729 sestertia⁷
762 679 1039 729 trecenta
1063 669 1411 729 duodecim.
1490 672 1688 747 Super
1715 671 1837 733 hoc
1859 678 2023 749 equo
2045 671 2301 749 dignum

307 770 603 830 memoria
649 765 870 830 visum⁸
912 770 1096 847 quod,
1145 770 1250 830 ubi
1295 778 1550 830 ornatus
1607 781 1739 831 erat
1782 780 2176 850 armatusque
2221 773 2301 832 ad

310 870 637 948 proelium,
676 867 865 929 ⁹haud
903 890 1194 946 umquam
1236 872 1519 931 inscendi
1566 879 1703 931 sese
1754 874 1831 932 ab
1882 872 2003 932 alio
2052 872 2172 932 nisi
2220 873 2301 933 ab

308 978 451 1049 rege
482 990 705 1048 passus
734 971 830 1030 sit.
921 971 997 1031 Id
1026 971 1214 1031 etiam
1256 971 1335 1031 de
1381 971 1500 1032 isto
1536 980 1696 1048 equo
1740 981 2141 1034 memoratum
2186 982 2299 1048 est,

308 1067 535 1150 quod¹⁰‚
586 1091 726 1131 cum
786 1072 1064 1131 insidens
1121 1072 1185 1131 in
1232 1079 1308 1133 eo
1353 1073 1708 1133 Alexander
1758 1073 1923 1134 bello
1973 1073 2193 1135 Indico
2238 1083 2301 1134 et

306 1170 628 1233 facinora¹¹
669 1173 907 1233 faciens
952 1174 1154 1249 fortia,
1202 1174 1263 1233 in
1311 1174 1584 1234 hostium
1632 1171 1938 1235 cuneum¹²
1977 1182 2102 1235 non
2149 1175 2299 1235 satis

307 1273 431 1333 sibi
475 1273 808 1351 providens
852 1274 1223 1348 immisisset,
1270 1276 1693 1352 coniectisque
1738 1275 2011 1352 undique
2052 1275 2116 1333 in
2161 1276 2300 1336 Ale·

307 1374 612 1433 xandrum
641 1374 797 1447 telis,
832 1371 1228 1435 ¹³v01neribus
1259 1377 1399 1436 altis
1435 1376 1498 1434 in
1531 1384 1767 1437 cervice
1799 1386 1983 1453 atque
2015 1376 2076 1435 in
2109 1376 2299 1437 latere

307 1494 507 1553 equus
538 1474 855 1552 perfossus
884 1472 1107 1549 esset¹⁴‚
1140 1473 1588 1536 moribundus¹⁸
1615 1487 1822 1537 tamen
1851 1486 1925 1537 ac
1956 1496 2148 1555 prope
2179 1476 2299 1536 iam

308 1574 639 1652 exsanguis
686 1582 720 1634 e
773 1575 993 1635 mediis
1039 1577 1323 1636 hostibus
1383 1583 1586 1654 regem
1634 1574 2072 1637 vivacissim6¹⁶
2119 1587 2302 1637 curssr

309 1675 545 1736 rettulit
587 1685 793 1753 atque,
834 1677 938 1736 ubi
982 1696 1122 1737 eum
1166 1675 1386 1738 extrav
1422 1678 1543 1737 tela
1587 1678 1901 1751 extulerat,
1934 1675 2119 1738 18ilicc’)
2162 1697 2302 1737 con·

307 1776 462 1836 cidit
492 1786 554 1836 et
583 1773 859 1836 ¹⁹domini
888 1777 1008 1836 iam
1041 1777 1389 1855 superstitis
1418 1786 1670 1838 securus
1701 1779 1877 1855 quasi
1909 1798 2048 1837 cum
2079 1786 2300 1838 sensus

399 1997 443 2032 1.
480 1985 529 2032 A
555 1983 728 2034 Greek
752 1982 1054 2048 compound
1086 1998 1256 2032 mean-

308 2069 402 2131 ing
423 2068 653 2117 oar-head.

397 2165 442 2200 2.
478 2166 550 2201 sc.
595 2167 710 2201 esse.
803 2151 918 2200 The
963 2150 1168 2215 subject
1210 2150 1254 2199 is

308 2251 493 2300 equum
522 2234 860 2285 understood.

396 2332 442 2383 3.
480 2320 529 2367 A
554 2327 703 2368 court
727 2318 902 2367 officer
941 2317 1000 2367 of
1034 2319 1255 2367 Alexan·

310 2401 419 2459 der,
430 2402 548 2451 who
561 2410 720 2452 wrote
735 2418 767 2451 a
779 2402 978 2467 history
990 2401 1049 2450 of
1057 2401 1138 2451 his
1149 2402 1253 2450 life.

394 2500 442 2548 4.
481 2487 530 2534 A
551 2486 711 2535 talent
735 2485 780 2535 is
804 2500 836 2534 a
854 2485 1075 2534 Grecian
1094 2500 1258 2535 meas-

311 2585 403 2619 ure
426 2568 486 2618 of
519 2570 671 2619 value
695 2568 860 2618 worth
897 2567 1061 2618 about
1091 2568 1256 2627 §1080

306 2653 362 2702 in
387 2652 527 2718 gold.

398 2749 442 2802 5.
481 2736 674 2787 Father
710 2737 768 2786 of
809 2735 1105 2786 Alexander
1150 2735 1254 2785 and

308 2820 440 2884 king
464 2820 521 2870 of
545 2820 820 2879 Macedon,
845 2834 876 2886 3
884 2820 1078 2885 59-336
1102 2832 1202 2869 13.c.

395 2903 443 2954 6.
468 2907 720 2968 pecaniae
742 2912 954 2953 nostrae.

396 3001 442 3050 7.
479 2989 528 3036 A
574 2990 851 3038 sistertium
872 3008 937 3029 ==
954 3003 1057 3036 one
1108 2987 1256 3036 thou·

308 3070 443 3122 sand
465 3074 692 3130 sistertt't',
716 3070 819 3120 and
855 3087 887 3120 a
920 3073 1179 3120 sistertius
1192 3090 1258 3112 =

308 3169 385 3216 4.1
415 3163 577 3206 cents.

393 3238 442 3288 8.
476 3254 548 3289 sc.
571 3246 655 3288 est.

394 3337 440 3386 9.
475 3339 777 3387 numquam.

367 3420 441 3455 10.
476 3409 616 3471 quod
643 3405 782 3464 here,
807 3421 866 3455 as
890 3405 1075 3464 above,
1100 3405 1256 3454 intro-

308 3488 470 3540 duces
503 3506 535 3539 a
568 3497 851 3539 statement
891 3488 949 3537 of
992 3489 1115 3545 fact,
1151 3487 1255 3537 and

1356 1983 1400 2032 is
1420 1982 1704 2033 translated
1723 1983 1790 2048 by
1806 1983 1920 2032 that
1934 1980 2038 2031 and
2054 1981 2301 2031 followed

1355 2066 1424 2133 by
1449 2066 1539 2116 the
1561 2065 1851 2116 indicative.
1922 2065 2122 2115 Gellius
2153 2066 2300 2115 often

1358 2166 1477 2200 uses
1503 2150 1607 2199 this
1631 2150 1990 2200 construction
2016 2149 2186 2199 where
2212 2149 2300 2198 the

1355 2233 1471 2283 best
1496 2234 1692 2284 writers
1714 2232 1887 2282 would
1912 2249 2004 2310 use
2027 2233 2117 2283 the
2139 2233 2302 2281 infini-

1357 2318 1462 2368 tive
1485 2317 1607 2367 with
1631 2317 1836 2382 subject
1860 2318 2169 2367 accusative.

1446 2417 1464 2450 1
1480 2417 1519 2450 1.
1548 2408 1704 2465 gesta,
1714 2402 1877 2466 facta.

1447 2500 1521 2534 12.
1561 2486 1809 2551 Literally
1847 2500 1879 2533 a
1923 2486 2102 2548 wedge‚
2150 2484 2300 2534 refer-

1358 2571 1472 2633 ring
1508 2578 1563 2618 to
1598 2569 1688 2618 the
1722 2577 2084 2632 arrangement
2119 2568 2177 2618 of
2212 2569 2301 2618 the

1358 2661 1538 2718 troops
1561 2653 1614 2702 in
1640 2653 1754 2702 that
1774 2653 1928 2701 form.

1443 2750 1518 2801 13.
1553 2736 1656 2786 abl.
1682 2736 1740 2785 of
1762 2751 1955 2786 means.

1446 2834 1520 2882 14.
1555 2821 1667 2869 had
1684 2821 1799 2869 been
1813 2821 2032 2883 pierced.

1444 2917 1519 2970 15·
1559 2903 1723 2953 What
1757 2904 1801 2953 is
1837 2903 1926 2953 the
1948 2903 2093 2953 force
2116 2903 2175 2952 of
2211 2904 2300 2954 the

1356 2987 1539 3037 suffix?

1447 3071 1520 3121 16.
1558 3073 1683 3120 Ant.
1708 3071 2013 3120 tardissimo'.

1445 3168 1519 3216 17.
1556 3156 1683 3203 Ant.
1707 3156 1865 3203 intra.

1444 3237 1518 3287 18.
1559 3239 1670 3287 Par.
1721 3240 1779 3286 in
1828 3239 1938 3300 ips-5
1979 3245 2195 3300 tempore
2239 3241 2296 3287 in

1356 3327 1545 3371 terram
1579 3323 1775 3370 decidit.

1447 3418 1517 3470 19.
1554 3422 1668 3454 now
1712 3406 1928 3454 assured
1956 3405 2020 3469 qf
2052 3405 2136 3453 his
2169 3421 2299 3454 mas·

1357 3489 1474 3537 ter’s
1494 3491 1663 3553 safity.

2341 1388 2399 1422 10
