2676 3931
343 326 411 380 76
1101 327 1267 375 VIRI
1304 327 1592 375 ROMAE.

343 493 528 556 tertio
569 501 675 570 qui
719 492 1117 553 Masinissam
1160 493 1240 552 ad
1286 494 1489 552 locum
1533 494 1938 554 constitutum
1984 494 2339 570 adduceret,

348 594 559 671 Scipio
590 603 652 653 et
686 594 1022 653 Masinissa
1062 613 1200 653 cum
1245 602 1463 670 paucis
1494 594 1557 652 in
1588 594 1986 671 conloquium
2016 581 2338 656 venerunt.

348 697 615 772 Ceperat
667 694 788 752 iam
842 691 1007 753 ante¹
1053 694 1388 754 Numidam
1434 713 1510 753 ex
1553 691 1743 754 famei?
1784 702 1984 754 rerum
2028 704 2341 773 gestarum

347 795 670 855 admiratio
700 794 831 867 viri,
859 795 970 854 sed
1000 795 1196 854 maior
1225 792 1597 871 praesentis³
1619 794 1936 855 veneratio
1960 794 2126 872 cepit
2153 820 2167 868 3
2209 806 2341 855 erat

249 925 275 978 5
346 895 509 956 enim
556 894 620 954 in
673 892 864 955 voltu*
914 894 1206 955 maiestas
1259 913 1540 967 summa3
1606 893 1969 954 accedebat⁵
2011 892 2342 972 “promissa

346 995 651 1057 caesaries
694 993 1090 1072 habitusque⁷
1117 995 1412 1071 corporis,
1447 1003 1571 1055 non
1602 991 1826 1055 ⁸cultus
1858 995 2192 1068 munditii5‚
2227 997 2340 1055 sed

346 1097 538 1158 virilis
569 1103 712 1156 vere
743 1105 818 1155 ac
847 1095 1126 1155 militaris
1166 1105 1226 1155 et
1258 1095 1486 1172 florens
1527 1095 1794 1155 iuventa.
1887 1098 2087 1173 Prope
2124 1097 2343 1155 attoni·-

347 1208 448 1256 tus
478 1198 617 1275 ipso
641 1206 977 1273 congressu
1004 1195 1277 1254 Numida
1306 1193 1560 1273 ”gratias
1584 1197 1663 1255 de
1692 1196 1826 1256 filis)
1848 1195 2057 1255 fratris
2081 1196 2341 1255 remisso

347 1297 505 1375 agit:
555 1297 843 1356 adfirmat
889 1303 954 1355 se
1000 1315 1076 1356 ex
1119 1303 1194 1356 eo
1239 1304 1516 1379 tempore
1561 1315 1696 1356 eam
1743 1295 2123 1373 quaesivisse
2168 1304 2341 1356 occa·

254 1429 313 1464 10
349 1397 608 1469 sionem,
656 1415 840 1473 quam
886 1395 1135 1455 tandem
1180 1393 1498 1456 oblatam¹⁰
1540 1404 1665 1456 non
1711 1393 2066 1469 omiserit¹¹;
2114 1414 2341 1473 cupere

349 1506 414 1558 se
454 1497 543 1555 illi
582 1506 645 1556 et
684 1496 916 1574 populo
958 1498 1243 1556 Romano
1274 1493 1566 1572 ¹2operam
1596 1505 1840 1556 navare.
1930 1498 2160 1555 Laetus
2199 1515 2341 1555 eum

351 1597 558 1675 Scipio
589 1596 824 1656 audivit
854 1605 1041 1673 atque
1072 1596 1135 1655 in
1167 1595 1529 1656 societatem
1560 1596 1805 1674 recepit.

436 1744 477 1778 1.
516 1731 603 1779 An
625 1729 835 1779 adverb.
1512 1742 1557 1791 7.
1583 1729 1786 1794 firma,
1805 1729 2005 1793 figam,
2029 1731 2226 1792 species.

433 1829 480 1863 2.
514 1819 736 1863 rumcire.
1509 1811 1556 1862 8.
1591 1818 1806 1861 5rndtus
1827 1814 2092 1876 Elegantia.

434 1913 478 1962 3.
514 1912 583 1947 sc.
607 1899 726 1946 viri.
1509 1909 1556 1959 9.
1591 1897 1798 1960 gratias
1847 1933 1858 1945 .
1917 1931 1930 1944 .
1989 1932 2001 1944 .
2050 1897 2167 1962 agit.
2241 1896 2344 1946 See

432 1996 478 2043 4.
505 1983 662 2047 facie.
1397 1980 1602 2030 idioms.

435 2078 477 2131 5.
511 2066 805 2115 addebdtur.
1486 2078 1558 2113 ιο.
1595 2066 1785 2113 datam.

429 2148 479 2200 6.
514 2151 638 2213 long
655 2149 793 2198 hair.
1485 2162 1503 2195 1
1518 2161 1559 2195 1.
1590 2149 2013 2210 praetermiserit.

1080 2244 1156 2279 12.
1192 2232 1453 2280 auxilium
1480 2233 1617 2280 dare.

348 2405 441 2456 ⁷4.
518 2403 727 2466 scipio
784 2402 1034 2455 Romam
1092 2404 1269 2453 rediit
1329 2406 1395 2454 et
1453 2400 1664 2453 consul
1715 2402 1912 2453 factus
1961 2404 2024 2452 in
2074 2403 2344 2453 Siciliam

457 2495 825 2559 provinciam
882 2508 1052 2545 suam
1108 2492 1359 2546 trifficit.
1455 2492 1744 2545 Nina-itur
1799 2494 1920 2557 quo
1974 2493 2159 2546 ωοᾱδ
2216 2495 2345 2545 nine

251 2612 272 2647 1
285 2611 313 2665 5
459 2587 704 2651 piiblicfi
740 2585 1025 2650 impensal
1066 2585 1274 2648 scipffi
1313 2586 1458 2638 ειιδι
1496 2586 1731 2649 equites
1768 2584 2076 2649 para-iverit.

435 2713 642 2790 Scipio
701 2711 926 2771 deinde
987 2713 1250 2771 Romam
1309 2710 1493 2771 rediit
1542 2719 1604 2770 et
1654 2707 1819 2771 'ante
1873 2718 2072 2770 annos
2122 2712 2343 2770 consul

345 2815 551 2873 factus
597 2821 710 2873 est.
803 2811 1012 2872 Sicilia
1056 2820 1114 2870 ei
1158 2811 1477 2887 provincia
1521 2810 1769 2871 decreta
1814 2819 1910 2870 est
1952 2809 2344 2888 permissum-

347 2911 490 2990 que³
532 2922 599 2972 ut
643 2912 705 2972 in
749 2904 1022 2971 Mricam
1068 2908 1237 2971 inde⁴
1277 2911 1580 2971 traiceret.
1684 2910 1809 2985 Qui
1852 2930 1990 2970 cum
2036 2911 2220 2971 vellet
2266 2930 2345 2970 ex

344 3013 697 3074 fortissimis
727 3012 1041 3090 peditibus
1075 3014 1376 3071 Romanis
1404 3019 1812 3072 trecentorum
1838 3012 2114 3088 equitum
2138 3030 2344 3071 nume-

248 3146 311 3182 20
346 3134 479 3173 rum
524 3113 830 3191 complere
877 3132 991 3172 nec
1036 3120 1248 3189 posset
1277 3111 1420 3172 illos
1461 3111 1666 3172 subito
1707 3120 1891 3170 armis
1933 3120 1995 3171 et
2037 3120 2213 3188 equis
2258 3120 2344 3170 in-

347 3212 619 3287 struere⁶,
653 3213 719 3273 id
754 3213 1043 3291 prudenti
1085 3212 1349 3272 consilio
1388 3212 1663 3288 perfecit.
1755 3213 2039 3288 Namque
2071 3231 2146 3272 ex
2176 3221 2345 3271 omni

433 3360 475 3395 1.
512 3346 578 3396 cf.
602 3353 828 3409 expense.
1477 3359 1524 3410 3.
1561 3359 1632 3394 sc.
1655 3352 1741 3395 est.

430 3444 476 3479 2.
512 3444 582 3479 sc.
607 3431 776 3478 iastffs.
830 3429 929 3479 See
952 3428 1158 3477 idioms.
1479 3441 1525 3488 4.
1561 3426 1642 3476 i.e.
1666 3444 1730 3475 ex
1753 3428 1951 3476 Sicilia.

1169 3523 1212 3577 5.
1248 3513 1522 3560 adcirndre.
