2676 3931
1069 331 1494 382 HERCULES.
2210 332 2269 384 51

278 498 504 558 incolis
535 497 827 577 cognovit
857 498 1067 576 quoin
1098 500 1237 561 loco
1266 500 1462 561 boves
1494 511 1719 574 essent,
1753 501 1818 560 in
1862 520 1999 561 eam
2039 511 2272 579 partem

279 599 489 659 statim
549 599 865 676 profectus
917 609 1012 659 est
1060 610 1121 660 et
1171 609 1209 659 a
1259 608 1403 679 rege
1456 603 1741 679 Geryone
1791 599 2157 678 postulavit¹
2207 612 2275 662 ut

277 700 474 759 boves
504 699 623 759 sibi
647 700 1050 760 traderentur.
1141 703 1298 762 Cum
1319 710 1528 761 tamen
1559 701 1661 778 ille
1684 703 1804 761 hoc
1827 702 2032 762 facere
2062 702 2269 776 nollet,

282 799 592 860 Hercules
621 809 685 860 et
724 808 928 878 regem
971 802 1174 878 ipsum
1213 811 1276 862 et
1317 802 1632 880 gigantem
1676 803 2072 881 Eurytionem
2096 803 2276 863 inter-

279 899 448 960 fecit.
805 908 807 912 ‘
2346 918 2372 968 5

966 999 1007 1033 1.
1030 986 1318 1050 fldgitdvit,
1343 987 1584 1050 popffscit.

557 1155 651 1236 40.
727 1187 1026 1238 proauum
1049 1188 1112 1237 in
1136 1186 1382 1250 Ligures
1409 1191 1473 1238 et
1497 1184 1711 1239 imber1
1735 1188 2011 1250 lapidum

367 1311 529 1369 Tum
562 1312 869 1371 Hercules
899 1312 1090 1371 boves
1120 1330 1233 1389 per
1263 1312 1639 1389 Hispaniam
1668 1322 1731 1373 et
1774 1312 2084 1391 Liguriam
2115 1332 2275 1373 com-

282 1407 536 1488 pellere²
563 1411 924 1471 constituit:
970 1420 1299 1488 postquam
1348 1412 1530 1490 igitur
1590 1413 1797 1472 omnia
1846 1422 2064 1490 parata
2110 1423 2273 1485 sunt,

282 1511 477 1570 boves
517 1530 594 1570 ex
629 1512 833 1570 insula
873 1512 953 1570 ad
991 1511 1413 1571 continentem
1456 1513 1910 1589 transportavit.
2018 1513 2276 1591 Ligures

285 1620 511 1685 tamen,
544 1619 697 1688 gens
738 1611 1229 1685 bellicosissima,
1265 1613 1412 1671 dum
1452 1612 1554 1672 ille
1586 1632 1696 1690 per
1723 1614 1888 1672 fines
1919 1621 2129 1674 eorum
2160 1613 2276 1673 iter
2315 1634 2377 1669 10

284 1711 452 1784 facit,
486 1720 725 1788 magnis
755 1712 951 1788 copiis
982 1720 1406 1772 convenerunt
1446 1722 1635 1790 atque
1679 1732 1818 1772 eum
1861 1713 2103 1791 longius
2143 1722 2276 1791 pro-

284 1812 460 1888 gredi
482 1802 912 1888 prohibebant.
1004 1813 1311 1871 Hercules
1335 1821 1624 1890 magnam
1648 1813 2072 1874 difficultatem
2093 1814 2275 1874 habe-

285 1912 427 1986 bat3
472 1912 720 1972 barbari
770 1912 932 1972 enim
979 1912 1041 1972 in
1089 1912 1241 1973 locis
1293 1914 1714 1991 superioribus
1762 1914 2168 1975 constiterant
2215 1924 2276 1975 et

287 2032 439 2072 saxa
488 2014 734 2091 telaque
786 2014 849 2072 in
901 2033 1041 2073 eum
1095 2013 1506 2075 coniciebant.
1617 2015 1731 2073 Ille
1783 2015 2030 2091 quidem
2077 2035 2276 2092 paene

283 2109 553 2174 3omnem
579 2133 750 2190 spem
776 2114 991 2173 salfltis
1015 2114 1421 2191 deposuerat3
1457 2115 1569 2173 sed
1593 2124 1868 2191 tempore
1892 2116 2276 2191 opportsmis-
2318 2133 2375 2186 15

184 2239 190 2245 ·
286 2212 445 2272 simo
470 2214 747 2291 Iuppiter
776 2213 1033 2273 imbrem
1064 2214 1337 2291 lapidum
1368 2212 1735 2292 ingentium*
1757 2222 1791 2274 e
1815 2215 1990 2274 caelo
2014 2215 2275 2275 demisit.

289 2315 381 2372 Hi
419 2322 592 2374 tanta
637 2324 695 2373 vi
748 2315 1106 2374 ceciderunt
1158 2324 1224 2374 ut
1270 2323 1564 2392 magnum
1611 2334 1932 2374 numerum
1985 2315 2275 2392 Ligurum

286 2415 654 2488 occiderint3
717 2413 851 2492 ipse
892 2424 1096 2475 tamen
1143 2416 1451 2475 Hercules
1481 2413 1656 2473 ⁶nihil
1689 2416 2064 2475 incommodi
2094 2416 2273 2492 cepit.

376 2560 417 2594 1.
451 2547 659 2597 shower.
1333 2562 1382 2609 4.
1421 2548 1671 2612 Stronger
1705 2548 1831 2597 than
1868 2554 2192 2612 mdgnffrum.

372 2645 417 2679 2.
452 2647 612 2695 agere.
1338 2643 1381 2698 5.
1422 2633 1535 2680 Par.
1561 2632 1711 2681 nulla
1735 2634 1964 2681 volnera.

373 2727 420 2779 3.
455 2714 520 2764 cf.
545 2730 594 2778 p.
620 2728 699 2780 30,
724 2715 760 2763 1.
782 2715 830 2764 8.

901 2868 995 2917 41.
1073 2866 1384 2918 'Prinsflzua
1409 2869 1664 2930 Alpium.

372 2992 706 3067 Postquam
749 2991 1005 3069 Ligures
1035 2991 1154 3051 hoc
1194 2992 1380 3052 modo
1423 2999 1696 3068 superati
1740 2988 1921 3065 sunt¹‚
1970 2992 2278 3053 Hercules
2316 3018 2378 3054 20

286 3105 472 3163 quam
519 3086 831 3146 celerrime
881 3094 1244 3164 progressus
1290 3097 1388 3147 est
1433 3097 1495 3147 et
1547 3097 1689 3164 post
1732 3095 1967 3164 paucos
2014 3088 2151 3148 dies
2197 3089 2278 3148 ad

286 3186 481 3263 Alpes
505 3186 799 3266 pervenit.
890 3189 1167 3247 Necesse
1203 3196 1335 3247 erat
1374 3188 1490 3247 hos
1527 3196 1784 3247 transire
1831 3197 1897 3246 ut
1927 3188 1989 3246 in
2031 3175 2276 3247 Ttaliam

283 3278 480 3346 b‘ov‘es
525 3287 818 3359 dsleeret3
867 3294 964 3346 res
1009 3297 1215 3347 tamen
1262 3306 1538 3347 summae
1583 3297 1715 3347 erat
1755 3287 2165 3348 difficultatis:
2212 3288 2278 3346 hi

283 3385 453 3445 enim
483 3395 724 3446 montes
764 3396 869 3464 qui
913 3386 1179 3447 Galliam
1222 3384 1594 3447 Ulteriorem²
1631 3388 1708 3447 ab
1745 3374 1933 3448 -I'talia
1973 3387 2274 3462 dividunt,

576 3532 614 3566 1.
649 3525 774 3569 vfcti
789 3527 924 3569 sunt.
1434 3533 1479 3568 2.
1517 3521 1643 3569 Ant.
1677 3521 1974 3570 citeriffrem.
