2676 3931
353 340 426 391 46
989 342 1083 390 ΡΑ
1089 341 1140 389 Β
1149 341 1292 389 ULA
1296 341 1353 389 E
1397 341 1491 388 ΡΑ
1502 340 1735 391 CILES.

359 516 423 567 et
481 515 716 566 tantam
766 505 1052 567 virtutem
1106 503 1511 583 praebebant¹
1555 517 1621 567 ut
1671 527 1811 566 cum
1862 507 2009 568 viris
2060 506 2360 585 proelium

360 607 743 668 committere
805 603 1143 668 auderent2.
1263 606 1624 686 Hippolyte,
1681 609 2068 667 Amazonum
2126 615 2357 686 regina,

359 706 633 767 balteum
690 706 906 767 habuit
965 707 1429 768 celeberrimum
1488 725 1674 784 quem
1737 709 1907 767 Mars
1967 715 2025 768 ei
2082 708 2357 767 dederat.

362 808 632 867 Admeta
688 816 910 881 autem,
968 807 1294 885 Eurysthei
1352 807 1501 879 filia,
1556 807 1784 866 famam
1843 808 1921 867 de
1980 807 2100 867 h6c
2149 806 2361 867 balteo

265 921 292 973 5
363 915 687 984 acceperat
734 917 796 967 et
844 926 984 967 eum
1013 907 1335 984 possidere
1368 907 1767 967 vehementer
1796 907 2101 984 cupiebat.
2177 909 2362 986 Eury-

363 1008 577 1067 stheus
608 1007 792 1084 igitur
825 1008 1083 1066 Herculi
1113 1004 1453 1066 mandavit3
1482 1016 1549 1067 ut
1576 1004 1817 1083 *copias
1854 1014 2103 1084 cogeret
2140 1016 2201 1066 et
2237 1006 2364 1066 bel-

364 1108 490 1166 lum
522 1106 947 1167 Amazonibus
980 1107 1250 1167 inferret.
1342 1106 1456 1167 Ille
1501 1107 1752 1166 nuntie->s
1792 1106 1855 1164 in
1898 1113 2113 1166 omnes
2153 1114 2363 1183 partes

365 1208 596 1266 dimisit
641 1217 719 1280 et,
753 1226 893 1265 cum
923 1215 1147 1284 magna
1176 1207 1505 1267 multitudo
1535 1206 1949 1279 convenisset,
1973 1214 2084 1267 eos
2112 1205 2364 1285 delegit⁵

364 1317 471 1385 qui
501 1307 831 1367 maximum
863 1317 1041 1366 fisum
1072 1307 1135 1365 in
1169 1314 1232 1366 ra
1262 1307 1510 1366 militari
1541 1307 1874 1367 habebant.

453 1471 494 1505 1.
530 1458 837 1506 exhibabant.
1498 1470 1544 1521 3.
1581 1458 1869 1520 impertivit.

451 1555 494 1589 2.
533 1542 645 1589 Not
678 1543 933 1590 audirent.
1024 1540 1090 1590 cf.
1114 1543 1309 1599 auddx,
1495 1554 1543 1601 4.
1583 1541 1696 1589 Par.
1721 1542 1909 1589 militas
1931 1542 2212 1604 conltgeret.

363 1625 597 1674 audacia.
1502 1637 1544 1689 5.
1581 1623 1647 1673 cf.
1675 1624 1806 1688 Eng.
1831 1624 2063 1688 delegate.

272 1889 333 1925 10
692 1862 786 1913 33.
863 1860 1196 1925 Hippolyta
1233 1862 1503 1913 balteum
1542 1863 1685 1912 dare
1721 1861 1842 1913 non
1877 1863 2021 1913 volt.

455 2006 576 2064 His
606 2004 753 2064 viris
786 2004 1090 2064 Hercules
1120 2002 1446 2080 persuasit,
1481 2013 1810 2081 postquam
1841 2023 2092 2063 causam
2124 2004 2364 2065 itineris

370 2104 670 2181 exposuit,
704 2113 770 2162 ut
816 2112 1025 2163 secum
1069 2104 1184 2163 iter
1225 2104 1521 2164 facerent.
1610 2105 1770 2162 Tum
1815 2124 1955 2163 cum
2000 2114 2091 2164 eis
2137 2105 2364 2181 quibus

369 2213 760 2282 persuaserat
810 2201 1051 2264 1navem
1099 2203 1482 2276 conscendit,
1526 2213 1605 2277 et,
1649 2223 1790 2264 cum
1833 2213 2053 2264 ventus
2099 2204 2363 2265 idoneus

370 2315 552 2378 esset,
584 2315 727 2381 post
766 2312 999 2381 paucos
1041 2304 1174 2363 dies
1207 2304 1286 2363 ad
1318 2304 1545 2364 ostium
1576 2304 1844 2363 fluminis
1884 2304 2363 2366 Thermadontis

275 2423 334 2476 15
372 2402 644 2482 appulit².
738 2407 1074 2481 Postquam
1121 2403 1183 2462 in
1227 2404 1390 2463 fines
1433 2406 1817 2463 Amazonum
1859 2405 2044 2478 vanit,
2080 2404 2362 2465 nuntium

370 2506 450 2564 ad
484 2504 890 2583 Hippolytam
921 2502 1087 2562 misit
1118 2513 1222 2579 qui
1254 2521 1505 2562 causam
1537 2503 1829 2563 veniendi
1867 2506 2116 2565 doceret
2145 2514 2209 2565 et
2236 2505 2366 2565 bal-

369 2615 534 2664 teum
566 2613 866 2683 pasceret.
955 2606 1104 2680 Ipsa
1136 2602 1479 2681 Hippolyte
1508 2603 1783 2663 balteum
1807 2601 2072 2665 tradere³
2094 2605 2360 2680 volebat,

371 2703 564 2782 quod4
609 2706 686 2764 de
737 2703 1029 2763 Herculis
1075 2703 1301 2763 virtute
1354 2704 1582 2762 famam
1634 2711 1999 2781 acceperat3
2069 2704 2366 2782 reliquae⁵

369 2815 575 2864 tamen
621 2807 969 2864 Amazones
1014 2801 1097 2862 ei⁶
1126 2810 1567 2880 persuaserunt
1610 2813 1677 2864 ut
1721 2813 1991 2881 negaret.
2079 2807 2165 2865 At
2210 2807 2366 2865 Her-

272 2925 334 2961 20
370 2905 554 2978 cules,
590 2924 726 2964 cum
760 2905 913 2964 haec
944 2903 1224 2963 nuntiata
1269 2912 1499 2977 essent,
1531 2904 1677 2964 belli
1720 2905 2029 2964 fortunam
2060 2914 2365 2982 temptare

369 3004 707 3066 canstituit.

454 3104 741 3164 Proximo
783 3103 970 3182 igitur
1013 3102 1132 3177 die,
1167 3122 1306 3162 cum
1352 3103 1566 3180 capias
1613 3104 1943 3179 eduxisset,
1989 3106 2193 3166 locum
2237 3105 2367 3167 ido-

369 3224 553 3265 neum
585 3204 815 3282 delegit
846 3214 908 3264 et
938 3205 1150 3263 hostes
1195 3202 1276 3263 ad
1313 3212 1584 3281 pugnam
1624 3205 1921 3265 evocavit.
2012 3208 2367 3268 Amazones

590 3368 632 3402 1.
669 3354 734 3403 cf.
759 3370 810 3418 p.
836 3369 916 3415 44,
940 3354 973 3402 l.
999 3368 1045 3415 4.
1634 3370 1680 3417 4.
1716 3356 1854 3419 quia,
1880 3357 2140 3419 quoniam.

587 3452 633 3486 2.
667 3438 1120 3503 appropinquavit.
1637 3450 1679 3503 5.
1716 3442 1917 3486 caterae.

585 3534 632 3586 3.
668 3522 806 3571 dare.
1632 3520 1683 3572 6.
1716 3520 1797 3571 i.e.
1825 3521 2128 3588 Hippolyte.
