2676 3931
362 324 430 376 58
991 328 1140 376 FAB
1150 327 1293 377 ULA
1298 329 1354 376 E
1398 330 1492 377 ΡΑ
1501 329 1733 379 CILES.

365 493 580 553 sedem
616 501 1013 568 mortuorum,
1036 503 1074 554 ἒ,
1103 494 1223 555 deo
1257 495 1570 556 Mercurio
1601 496 2082 556 dedficebantur.
2161 496 2370 556 Hfiius

365 593 654 671 regionis,
689 613 849 671 quae
891 595 1007 654 sub
1038 604 1198 654 terri
1237 595 1433 655 fuisse
1464 595 1703 669 dicitur,
1738 603 1843 656 rex
1872 606 2004 656 erat
2036 596 2236 670 Plflto,
2269 595 2370 656 cui

366 713 518 753 uxor
547 703 678 754 erat
710 695 1099 772 Proserpina,
1128 697 1296 755 Iovis
1326 705 1389 755 et
1420 696 1663 756 Cereris
1686 697 1837 756 filia.
1916 699 2140 756 Manes
2166 696 2367 774 igitur,

365 804 403 854 ἒ,
447 795 756 855 Mercurio
799 795 1068 868 deducti,
1103 805 1364 872 primum
1410 797 1486 856 ad
1534 806 1727 873 ripam
1760 797 2096 857 veniebant
2143 794 2371 876 Stygis1

271 908 297 961 5
367 895 651 969 flflminis‚
688 903 812 973 quo
843 893 1215 956 continetur²
1242 904 1497 974 regnum
1547 897 1843 957 Platonis.
1934 899 2078 958 Hoc
2108 906 2368 958 transire

368 1014 624 1055 necesse
669 1005 817 1068 erat,
853 1006 1181 1073 antequam
1225 996 1287 1054 in
1331 998 1560 1057 Orcum
1592 1007 1802 1058 venire
1845 1007 2118 1075 possent.
2210 1000 2368 1058 Cum

368 1105 574 1155 tamen
606 1097 724 1156 hoc
746 1096 970 1155 flfimen
1004 1097 1172 1157 nflllo
1201 1106 1389 1174 ponte
1420 1097 1693 1157 ifinctum
1724 1107 1907 1171 esset,
1933 1104 2146 1157 mines
2176 1106 2368 1157 trins-

367 1198 751 1257 vehebantur
794 1206 832 1257 5.
874 1198 1187 1257 Charonte
1231 1198 1504 1274 quodam
1549 1207 1655 1274 qui
1698 1217 1839 1257 cum
1882 1207 2072 1276 parva
2116 1194 2371 1275 scaph50⁸

371 1297 450 1356 ad
494 1306 689 1374 ripam
733 1298 1151 1374 exspectabat.
1263 1299 1513 1358 Charon
1559 1306 1670 1375 pro
1714 1299 1835 1359 hoc
1878 1294 2104 1358 offiei6⁴
2147 1305 2371 1358 merce-

275 1411 335 1447 10
371 1395 536 1456 dem³
605 1397 975 1474 postulabat,
1034 1416 1238 1474 neque
1297 1397 1545 1457 volebat
1609 1417 1997 1475 quemquam,
2058 1398 2179 1457 nisi
2250 1398 2370 1458 hoc

371 1494 734 1574 praemium⁶
767 1497 935 1573 prius
966 1498 1258 1571 dedisset,
1292 1498 1710 1558 transvehere.
1793 1499 1893 1558 Ob
1924 1498 2088 1558 hanc
2118 1516 2368 1557 causam

372 1605 507 1657 mos
544 1606 674 1657 erat
713 1599 879 1674 apud
918 1606 1205 1674 antiquos
1245 1596 1585 1656 nummum⁷
1614 1598 1676 1656 in
1719 1605 1824 1659 ore
1868 1607 2091 1657 mortui
2137 1606 2367 1675 ponere

374 1705 449 1757 eo
480 1697 759 1770 consilio,
794 1707 875 1771 ut,
910 1717 1051 1757 cum
1082 1698 1184 1758 ille
1222 1699 1301 1758 ad
1346 1700 1595 1777 Stygem
1626 1699 1914 1771 venisset,
1948 1699 2211 1775 pretium
2253 1706 2367 1757 tra]-

375 1795 592 1858 iectfis⁸
642 1799 878 1858 solvere
928 1808 1157 1875 posset.
1268 1801 1341 1858 Ei
1394 1808 1598 1858 autem
1650 1808 1755 1875 qui
1807 1808 1948 1876 post
1999 1807 2256 1858 mortem
2305 1798 2367 1856 in

281 1912 337 1965 15
376 1908 538 1958 terra]
582 1905 708 1959 non
750 1895 998 1975 sepulti⁹
1026 1908 1217 1973 erant,
1256 1901 1507 1978 Stygem
1549 1908 1809 1958 transire
1851 1906 1973 1959 non
2016 1905 2365 1976 potuerunt,

377 2000 488 2059 sed
532 1999 593 2057 in
636 2001 810 2059 litore
850 2018 960 2076 per
988 2009 1237 2059 centum
1268 2008 1466 2060 annos
1498 1998 1748 2060 errare10
1776 2009 1977 2060 coacti
2009 2008 2153 2059 sunt
2183 2022 2195 2059 ε
2240 2008 2368 2059 tum

376 2101 622 2160 demum
652 2099 824 2160 licuit
855 2101 1082 2160 Orcum
1115 2097 1399 2160 intraress.

465 2249 504 2282 1.
542 2233 656 2282 The
698 2234 825 2298 Styx
861 2248 966 2282 was
1013 2249 1044 2282 a
1091 2233 1224 2283 river
1264 2234 1322 2282 of
1509 2245 1551 2299 5.
1585 2237 1833 2298 pretium.

376 2317 465 2366 the
480 2317 698 2366 infernal
717 2317 941 2380 regions,
956 2332 1133 2367 across
1152 2317 1318 2366 which
1506 2317 1551 2366 6.
1589 2319 1879 2366 mercidem.

376 2400 589 2450 Charon
614 2399 806 2449 ferried
838 2400 927 2449 the
959 2401 1103 2450 souls
1138 2401 1196 2449 of
1231 2401 1320 2450 the
1507 2414 1551 2462 7.
1586 2402 1882 2459 sbstertium,
1935 2416 1967 2449 a
2024 2399 2142 2449 coin
2200 2389 2369 2449 worth

376 2484 525 2534 dead.
1422 2484 1584 2533 about
1608 2484 1708 2532 five
1733 2492 1893 2533 cents.

461 2583 506 2616 2.
542 2569 785 2630 cingitur,
810 2568 1204 2630 circumfluitur.
1503 2567 1552 2615 8.
1588 2569 1908 2616 trdnseundz‘.

460 2666 505 2716 3.
540 2653 713 2700 lintre.
783 2650 847 2699 cf.
872 2666 921 2714 p.
951 2663 1027 2716 50,
1052 2651 1085 2698 1.
1111 2664 1184 2712 17.
1502 2666 1550 2714 9.
1587 2651 1652 2700 cf.
1681 2652 1812 2714 Eng.
1838 2652 2108 2713 sepulture.

459 2749 504 2796 4.
542 2741 767 2785 manere.
1476 2748 1548 2784 10.
1585 2740 1783 2798 vagdrt',
1810 2735 2142 2784 obambulare.

1121 2833 1140 2867 1
1154 2831 1195 2866 1.
1232 2820 1383 2876 im're,
1409 2819 1626 2882 ingredi.

987 3024 1081 3073 51.
1157 3022 1423 3086 Regnum
1460 3021 1750 3075 Ph‘affinis.

459 3167 794 3241 Postquam
813 3170 1028 3223 manes
1055 3165 1300 3242 Stygem
1326 3165 1446 3223 hoc
1476 3164 1663 3224 modo
1693 3162 2079 3235 transierant,
2114 3162 2193 3221 ad
2225 3162 2368 3222 alte-

276 3290 339 3326 20
372 3285 505 3325 rum
529 3265 862 3324 veniebant
885 3264 1111 3323 flfimen
1136 3264 1303 3339 quod
1329 3261 1546 3322 Lethe¹
1567 3263 1942 3340 appellatum
1968 3272 2082 3323 est.
2133 3264 2223 3320 Ex
2245 3262 2368 3323 hoc

373 3364 622 3426 flfimine
657 3382 881 3440 aquam
924 3364 1136 3423 bibere
1174 3364 1596 3441 cogebantur:
1643 3360 1832 3441 quod²
1870 3382 2008 3423 cum
2045 3362 2363 3437 fecissent,

460 3529 504 3564 1.
540 3514 707 3565 Lethe
732 3528 911 3563 means
929 3514 1314 3580 sorgeffulness.
1504 3528 1547 3562 2.
1586 3513 1779 3579 Object
1803 3513 1862 3562 of
1881 3514 2146 3578 ficis-sent.
