2676 3931
284 277 294 287 ’
384 307 455 358 60
1014 309 1381 358 FABULAE·
1420 309 1513 356 FA
1524 308 1752 357 CJLES.

387 475 811 553 magnitudine
861 476 1151 552 corporis,
1204 477 1452 536 Charon
1502 471 1761 534 solvere¹
1802 474 2089 548 nolebat3
2136 483 2385 552 magno-

387 595 532 653 pere
552 576 717 635 enim
730 573 1077 636 ²verebatur
1101 583 1179 635 ne
1203 577 1436 652 scapha
1456 595 1586 649 sua,
1607 583 1783 635 tanto
1806 576 2080 651 pondere
2104 585 2379 648 onerata,

387 677 452 735 in
496 676 701 737 medio
757 676 1008 736 flumine
1068 674 1481 754 mergeretur&
1570 677 1852 736 Tandem
1904 684 2129 749 tamen,
2177 674 2385 735 minis⁴

390 777 681 836 Herculis
730 777 992 851 territus,
1029 778 1281 838 Charon
1321 778 1618 854 scapham
1653 775 1854 850 solvit,
1886 786 1949 836 et
1984 795 2126 835 eum
2155 775 2382 837 incolu-

292 891 319 944 5
387 896 548 936 mem
579 878 659 937 ad
690 877 1043 937 ulteriorem.
1067 886 1261 954 ripam
1290 876 1593 954 perduxit.

475 1024 516 1058 1.
552 1010 618 1059 cf.
643 1010 737 1068 30,
763 1026 811 1058 n.
837 1025 884 1071 4.
1433 1023 1478 1074 3.
1515 1007 1580 1087 ci.
1609 1009 1738 1072 Eng.
1765 1011 2015 1069 immerse,
2038 1010 2308 1074 submerge.

472 1107 516 1141 2.
556 1094 656 1143 See
679 1092 884 1142 idioms.
1434 1107 1481 1155 4.
1518 1095 1682 1143 verbis
1705 1099 1868 1142 iratis.

386 1313 479 1362 53.
575 1311 870 1364 Hercules
927 1312 1250 1363 cerberum
1307 1324 1389 1362 ex
1442 1310 1601 1363 0105
1658 1312 1738 1362 ad
1793 1313 2004 1362 urbem
2060 1312 2379 1375 Eurysthei

1109 1420 1113 1424 ·
1283 1403 1481 1453 nabit.

472 1524 1064 1602 Postquam-flumen
1112 1525 1361 1602 Stygem
1402 1525 1511 1584 tali
1551 1526 1736 1584 modo
1775 1525 2035 1599 transiit,
2073 1526 2377 1586 Hercules

321 1691 325 1695 ,
387 1626 450 1684 in
499 1627 711 1686 sedem
763 1626 958 1703 ipsius
1013 1624 1291 1684 Plutonis
1341 1623 1547 1697 venit3
1612 1634 1691 1698 et,
1745 1621 2076 1703 postquam
2128 1645 2376 1686 causam

292 1753 352 1790 10
387 1726 676 1785 veniendi
719 1725 947 1799 docuit,
983 1726 1061 1785 ab
1107 1732 1182 1784 eo
1225 1724 1445 1802 petivit
1490 1734 1556 1784 ut
1599 1726 1936 1785 Cerberum
1977 1727 2216 1786 auferre
2257 1727 2376 1786 sibi

387 1826 615 1886 liceret.
722 1827 917 1898 Pluto,
953 1834 1059 1903 qui
1111 1826 1189 1884 de
1238 1825 1511 1884 Hercule
1562 1826 1791 1885 famam
1844 1833 2186 1903 acceperat,
2236 1846 2373 1886 eum

289 1992 297 1998 ,
385 1927 653 2004 benigne
685 1925 944 2003 excepit,
978 1935 1040 1986 et
1068 1922 1448 1986 facultatem1
1480 1944 1664 2003 quam
1696 1925 1796 1985 ille
1828 1927 2080 2003 petebat
2115 1927 2377 1988 libenter

387 2028 576 2087 dedit.
695 2026 1037 2087 Postulavit
1080 2036 1287 2086 tamen
1334 2037 1402 2087 ut
1456 2027 1778 2100 Hercules,
1834 2037 2164 2105 postquam
2209 2028 2378 2088 iussa

390 2129 715 2207 Eurysthei
759 2124 1166 2205 explevisset2,
1203 2127 1540 2187 Cerberum
1584 2126 1648 2185 in
1694 2128 1922 2186 Orcum
1966 2138 2173 2215 rursus
2203 2130 2376 2189 redu-

291 2254 350 2307 15
385 2237 568 2288 ceret.
661 2227 965 2287 Hercules
1009 2228 1165 2287 haec
1207 2226 1518 2304 pollicitus
1563 2237 1673 2299 est,
1707 2237 1770 2287 et
1803 2228 2155 2302 Cerberum,
2191 2249 2373 2306 quem

388 2337 514 2388 non
558 2328 691 2389 sine
736 2336 961 2406 magno
1004 2327 1277 2405 periculo
1322 2327 1607 2386 manibus
1650 2325 2100 2405 prehenderat⁸‚
2136 2338 2375 2390 summo

386 2449 526 2489 cum
574 2430 783 2488 labore
835 2447 910 2487 ex
959 2430 1124 2488 Orco
1175 2427 1240 2485 in
1291 2429 1489 2487 lucem
1538 2437 1601 2487 et
1649 2429 1728 2486 ad
1779 2430 1992 2488 urbem
2047 2431 2375 2509 Eurysthei

385 2530 585 2590 traxit.
693 2526 806 2589 Eo⁴
848 2548 987 2588 cum
1032 2528 1320 2598 venisset,
1367 2537 1578 2587 tantus
1621 2526 1836 2605 pavor⁵
1874 2529 2143 2589 animum
2190 2532 2374 2611 Eury-

386 2631 548 2690 sthei
591 2629 916 2707 occupavit
946 2639 1012 2688 ut
1055 2648 1130 2688 ex
1168 2625 1349 2688 atri6⁶
1379 2628 1582 2688 statim
1614 2629 1939 2706 refugerit:
1984 2649 2122 2689 cum
2169 2641 2372 2691 autem

289 2755 350 2793 20
384 2728 658 2808 paulum⁷
704 2738 771 2789 se
831 2750 905 2789 ex
962 2729 1178 2789 timore
1235 2728 1588 2806 recepisset,
1644 2730 1850 2788 multis
1910 2749 2049 2789 cum
2108 2731 2373 2792 lacrimis

385 2829 755 2892 obsecravit⁸
786 2830 1120 2889 Herculem
1160 2838 1226 2888 ut
1267 2837 1606 2902 monstrum
1648 2829 1780 2889 sine
1821 2840 1991 2890 mora
2033 2832 2096 2890 in
2142 2833 2372 2892 Orcum

384 2933 721 2992 reduceret.
824 2933 941 3003 Sic,
1004 2939 1218 2990 contra
1277 2929 1550 2989 omnium
1611 2930 1984 3006 opinionem,
2044 2932 2370 2992 duodecim

383 3033 471 3092 illi
530 3033 774 3092 labores
834 3039 990 3108 quos
1058 3030 1274 3109 Pythia
1346 3037 1762 3108 praeceperat,
1825 3030 1983 3091 intra
2042 3033 2371 3093 duodecim

471 3179 511 3213 1.
547 3167 766 3223 veniam,
790 3166 1068 3213 licentiam.
1511 3162 1557 3212 6.
1594 3163 1710 3212 The
1741 3165 1936 3214 atrium
1973 3180 2078 3214 was
2113 3166 2203 3215 the
2236 3166 2371 3230 prin-

467 3264 511 3298 2.
547 3255 810 3299 exsecatur
832 3255 967 3297 esset.
1426 3247 1560 3311 cipal
1584 3262 1732 3295 room
1761 3247 1821 3296 of
1844 3264 1876 3297 a
1903 3250 2107 3298 Roman
2133 3250 2313 3300 house.

465 3347 510 3398 3.
546 3338 753 3395 ciperat.
1386 3328 1396 3340 '
1510 3344 1555 3392 7.
1587 3339 1802 3394 parum.
1923 3334 2047 3381 Ant.
2129 3337 2368 3394 multum,
2406 3348 2410 3352 ·

462 3432 508 3477 4.
547 3415 681 3465 Adv.
1423 3420 1736 3477 md'gnopere.

466 3513 510 3566 5.
545 3500 710 3549 timor.
1504 3498 1552 3547 8.
1581 3504 1826 3561 precatus
1846 3507 1932 3558 est,
1957 3502 2219 3550 obtestdtus
2239 3510 2321 3553 est.
