2676 3931
367 296 464 349 128
674 306 677 307 ’
1044 298 1091 345 Α
1106 297 1199 346 UL
1210 297 1301 346 US
1349 297 1449 346 GE
1451 296 1586 346 LLI
1587 296 1687 346 US.

362 490 562 559 eeque
623 479 783 542 ιιίειίι
838 492 1022 558 atque
1092 482 1322 558 impetu
1389 481 1638 558 spiritns
1696 479 1937 541 vitium²
2003 483 2363 560 nedumque

362 583 608 660 linguae
638 581 801 659 rupit
830 581 1135 659 pleneque
1166 592 1230 641 et
1259 582 1578 641 articulate
1623 582 1901 643 elocfltus
1936 592 2050 656 est,
2084 583 2363 643 clemins

362 683 424 741 in
473 683 714 743 hostem
760 689 839 742 ne
884 689 989 741 rex
1035 684 1304 742 Croesus
1355 682 1757 743 occideretur.
1845 683 2005 741 Tum
2051 692 2113 742 et
2162 683 2362 744 hostis

360 783 633 862 gladium
686 781 928 843 redfixit
973 793 1036 842 et
1082 788 1188 842 rex
1239 791 1365 842 vite
1415 782 1685 843 denatus
1744 793 1840 842 est
1886 792 1948 842 et
1995 783 2362 843 adulescens

265 895 292 948 5
362 884 532 960 loqui
571 880 876 961 ³pr6rsum
907 882 1202 960 deinceps
1232 882 1484 960 incepit.
1578 883 1938 943 Herodotus
1969 884 2032 942 in
2060 883 2361 944 Historiis

361 983 544 1044 hfiius
596 984 924 1044 memoriae
983 992 1248 1061 scriptor
1304 993 1417 1056 est,
1462 983 1719 1060 eiusque
1763 983 1952 1043 verba
1995 993 2140 1043 sunt
2198 1002 2360 1061 quae
2424 1028 2428 1032 -

362 1093 561 1162 prima
604 1084 835 1144 dixisse
878 1083 1077 1142 filium
1122 1085 1341 1143 Croesi
1385 1080 1635 1143 refert⁴2
1678 1081 2018 1161 ‘’AvOpmre,
2058 1084 2139 1160 μὴ
2184 1090 2361 1144 κτεῖνε

363 1188 634 1262 Κροῖσον.

450 1286 573 1345 Sed
633 1294 696 1345 et
762 1280 1093 1362 quispiam⁶
1161 1281 1427 1344 Samius⁷
1483 1284 1736 1357 ethleta‚
1798 1291 2023 1344 nemen
2091 1283 2177 1342 illi
2240 1284 2361 1344 fuit

269 1396 327 1433 10
362 1381 709 1465 Ἐχεκλοῦς8,
758 1404 898 1445 cum
949 1393 1132 1446 antee
1178 1391 1304 1444 nen
1353 1386 1614 1461 loquens
1669 1384 1907 1455 fuisset,
1957 1384 2039 1443 ob
2094 1383 2358 1444 similem

363 1485 587 1545 dicitur
625 1504 876 1545 causam
912 1486 1081 1563 loqui
1120 1484 1423 1562 coepisse.
1513 1487 1674 1543 Nam
1723 1503 1861 1544 cum
1899 1484 1961 1542 in
2007 1491 2184 1544 sacre
2234 1503 2361 1544 cer-

365 1586 597 1651 tamine,
633 1584 898 1646 sortiti6⁹
947 1585 1106 1645 inter
1149 1585 1319 1662 ipses
1364 1594 1427 1645 et
1469 1585 1855 1644 adversaries
1885 1592 2009 1644 nen
2042 1584 2207 1644 bone
2235 1583 2360 1644 fide

364 1685 539 1746 fieret
578 1695 642 1745 et
680 1696 909 1747 sortem
931 1682 1254 1745 *nominisw
1280 1685 1501 1744 falsam
1533 1681 1772 1745 subici¹¹
1803 1683 2356 1757 animadvertisset,

365 1796 619 1863 repente
649 1786 710 1844 in
743 1805 882 1845 eum
914 1795 1021 1862 qui
1063 1786 1125 1845 id
1161 1785 1448 1859 faciebat,
1482 1785 1689 1845 videre
1730 1792 1867 1845 sese
1911 1785 2061 1862 quid
2104 1785 2356 1857 faceret,

270 1895 329 1949 Ι5
365 1883 699 1964 magnum¹²
727 1886 1094 1946 inclamavit.
1184 1889 1390 1962 Atque
1421 1885 1474 1945 is
1511 1885 1634 1945 eris
1665 1885 1914 1945 vincule
1943 1886 2179 1947 solfitus
2208 1881 2361 1962 ¹³per

364 2005 547 2048 omne
579 1987 723 2048 inde
748 1997 909 2047 vitae
933 1998 1178 2064 tempus
1210 1984 1380 2046 ¹⁴nen
1404 1986 1650 2046 turbide
1676 2005 1875 2063 neque
1899 1986 2168 2046 adhaese
2198 1984 2361 2044 locfi-
2444 2047 2449 2056 ,

364 2097 466 2147 tus
495 2098 606 2148 est.

452 2234 493 2269 1.
529 2227 732 2271 εὸηᾰίᾶ.
1415 2219 1568 2270 wood
1599 2220 1905 2283 containing
1943 2217 2034 2268 the
2074 2233 2254 2268 names
2301 2218 2363 2267 of

453 2318 496 2353 2.
533 2306 966 2368 impedimentum.
1415 2304 1505 2353 the
1528 2312 1869 2353 contestants.

452 2401 497 2453 3.
534 2389 678 2453 right
696 2390 853 2452 along
869 2388 1153 2452 thereafter.
1504 2402 1579 2437 10.
1614 2403 1729 2451 gen.
1772 2387 1831 2436 of
1875 2385 2229 2450 specification
2276 2385 2363 2436 de·

450 2485 498 2533 4.
535 2478 736 2521 narrat.
890 2511 893 2512 γ
1413 2471 1642 2535 pending
1687 2487 1755 2520 on
1786 2472 2009 2535 salsam,
2057 2471 2123 2518 A.
2167 2468 2262 2518 218
2305 2487 2358 2529 c;

452 2567 495 2621 5.
537 2558 684 2615 Cave,
724 2557 885 2613 homa
934 2561 998 2605 n?
1039 2557 1274 2605 Croesum
1418 2556 1487 2605 H.
1524 2569 1637 2621 399,
1676 2556 1777 2613 ΙΙΙ,
1820 2569 1860 2603 1.

368 2641 573 2689 occz'dds.
1504 2653 1521 2686 1
1539 2653 1577 2691 1..
1613 2640 1762 2702 being
1781 2638 2089 2686 substituted.

452 2722 499 2772 6.
534 2724 761 2787 quidam.
1503 2736 1576 2770 12.
1612 2727 1810 2787 mag-nd
1827 2727 1952 2770 vb'ce.

450 2820 495 2868 7.
535 2807 723 2857 Samos
746 2807 791 2855 is
815 2822 847 2855 a
869 2806 1009 2870 large
1033 2806 1201 2856 island
1224 2807 1278 2855 in
1502 2819 1576 2870 13.
1615 2806 1727 2854 Par.
1797 2809 2044 2867 prem-um
2114 2804 2363 2866 deinceps,

372 2889 460 2939 the
485 2891 698 2955 Aegean
727 2891 842 2940 Sea.
1416 2905 1504 2939 see
1544 2890 1577 2938 1.
1616 2901 1660 2954 5.

450 2973 498 3023 8.
534 2975 801 3023 Echeclas.
1506 2985 1580 3033 14.
1621 2974 1734 3022 Par.
1772 2973 1937 3034 plane
1980 2978 2031 3020 et
2072 2971 2363 3027 articulate,

452 3070 500 3122 9.
537 3074 570 3106 a
606 3059 807 3122 casting
837 3059 900 3123 qf
931 3061 1027 3108 lots
1066 3057 1280 3122 (sortes).
1417 3056 1484 3107 cf.
1513 3056 1546 3105 l.
1578 3070 1622 3104 2.

372 3141 488 3190 The
532 3140 637 3190 lots
684 3156 816 3190 were
851 3141 1053 3206 usually
1087 3140 1191 3189 bits
1226 3140 1285 3189 of
