2676 3931
458 352 745 402 LUCIUS
773 354 1160 403 AEMILIUS
1189 354 1495 403 PAULUS
1523 353 2098 403 MACEDONICUS.
2181 351 2276 402 103

279 527 597 593 sonanteS‚
632 520 810 596 quasi
851 520 915 579 in
957 520 1151 580 aciem
1203 521 1668 597 procedendum
1719 516 1922 580 esset¹.
2009 516 2276 579 2Deinde

279 621 624 698 agebantur
666 618 953 699 pingues⁸
1004 621 1293 680 cornibus
1349 630 1579 680 auratis
1623 630 1686 680 et
1746 617 1941 680 vittis⁴
1989 617 2279 679 redimiti⁵

277 722 475 781 boves
523 730 771 780 centum
803 721 1037 799 viginti.
1130 721 1563 798 Sequebantur
1606 724 1814 780 Persei
1853 721 2045 794 liberi,
2097 721 2278 779 comi·

278 831 452 881 tante
498 823 897 881 §ducatorum
942 831 1005 881 et
1049 821 1479 898 magistrorum
1524 822 1704 881 turba
1748 830 1854 897 qui
1905 818 2148 880 manfis⁶
2196 821 2277 879 ad

238 939 242 944 ·
279 928 664 998 spectatores
695 939 835 980 cum
866 921 1132 980 lacrimis
1163 921 1595 980 miserabiliter
1624 922 1964 980 tendebant
2003 930 2064 980 et
2112 918 2276 997 ⁷pue-

279 1029 383 1080 ros
449 1021 758 1081 docebant
823 1021 1274 1098 implorandam
1342 1022 1701 1098 suppliciter
1760 1021 2008 1080 victoris
2065 1021 2276 1097 populi

279 1118 764 1180 misericordiam
809 1141 965 1181 esse.
1077 1119 1272 1181 Ρὸιι68
1305 1121 1475 1181 filios
1520 1121 1850 1180 incedebat
1900 1139 2040 1180 cum
2090 1127 2276 1179 uxore

285 1222 566 1292 Perseus,
613 1217 933 1279 attonitus⁹
975 1229 1036 1278 et
1083 1219 1290 1278 subito
1348 1221 1509 1279 malo
1565 1226 1838 1296 stupens.
1928 1219 2085 1277 Inde
2131 1239 2276 1296 qua-

283 1317 647 1395 dringentae
678 1326 942 1377 coronae
975 1337 1198 1377 aureae
1240 1320 1662 1395 portabantur,
1697 1319 1774 1377 ab
1819 1318 2107 1377 omnibus
2146 1319 2274 1378 fere

282 1414 583 1474 Graeciae
641 1414 993 1474 civitatibus
1052 1411 1264 1474 donc->¹⁰
1306 1414 1552 1474 missae.
1645 1418 1964 1475 Postremo
2020 1415 2154 1492 ipse
2212 1415 2276 1474 in

282 1524 464 1573 currfi
516 1515 744 1573 Paulus
798 1523 946 1574 auro
997 1524 1389 1591 purpuraque
1441 1515 1685 1591 fulgens
1738 1512 2105 1587 eminebatu,
2155 1525 2276 1575 mi-

281 1611 513 1691 gnam¹²
540 1610 724 1672 cum¹³
752 1614 1050 1691 dignitate
1083 1615 1201 1673 alifi
1234 1614 1509 1690 corporis
1550 1624 1680 1674 tum
1710 1624 1961 1674 senecta
1992 1614 2128 1691 ipsit
2158 1625 2276 1674 ma-

282 1714 567 1773 iestatem
597 1711 783 1791 l*prae
825 1722 892 1774 se
933 1715 1157 1774 ferens,
1250 1717 1401 1774 Post
1443 1735 1686 1774 currum
1732 1716 1889 1774 inter
1930 1714 2084 1774 alios
2129 1715 2278 1774 inlc-

2317 1442 2377 1476 10

283 1821 441 1873 stres
481 1814 646 1873 viros
686 1814 800 1872 filii
845 1815 970 1873 duo
1002 1815 1243 1887 Aemili,
1279 1815 1507 1874 deinde
1549 1815 1786 1892 equites
1830 1813 2188 1874 turmatim¹⁴⁵
2216 1826 2278 1875 et
2354 1842 2358 1846 >

283 1916 570 1974 cohortes
631 1915 922 1992 peditum,
984 1924 1110 1975 suis
1180 1935 1462 1993 quaeque
1535 1916 1872 1977 ordinibus,
1991 1917 2182 1976 Paulo
2239 1925 2276 1976 εἰ

284 2024 504 2075 sene-itt]
533 2025 594 2075 et
625 2017 854 2092 populo
888 2018 1174 2075 Romano
1204 2035 1569 2075 concessum
1601 2028 1695 2077 est
1727 2027 1793 2077 ut
1822 2014 2021 2076 161ῇ<1ῑ5
2052 2017 2276 2076 circen-

283 2115 457 2174 sibus
487 2126 659 2175 veste
690 2116 1043 2193 triumphali
1081 2124 1365 2189 fiteretur,
1399 2126 1578 2193 eique
1610 2125 1955 2195 cognomen
1988 2118 2279 2176 Macedo-

282 2215 408 2274 nici
438 2213 759 2275 inditum¹⁷.

369 2362 410 2396 1.
451 2349 791 2411 Impersonal.
1441 2365 1488 2414 9.
1524 2355 1758 2401 stunned.

365 2446 410 2479 2.
449 2433 537 2480 Or.
574 2434 776 2481 Deinde
810 2440 1008 2483 centum
1042 2436 1236 2497 vegrintz·
1415 2449 1489 2483 10.
1527 2433 1632 2483 dat.
1656 2434 1740 2483 for
1763 2435 1944 2484 which.

277 2519 495 2578 pinguis
525 2517 664 2564 bovis
690 2517 972 2579 agibantur
994 2518 1228 2565 cornibus
1415 2532 1433 2565 1
1449 2532 1488 2565 1.
1525 2520 1812 2581 appdre‘bdt‚
1830 2520 2072 2576 exstabat,
2091 2521 2279 2581 co'nspi-

280 2604 485 2647 aurdtt's
504 2606 554 2646 et
572 2601 710 2648 vitti's
733 2600 971 2648 redimiti.
1258 2648 1266 2654 ,
1327 2617 1455 2650 cuus
1475 2608 1599 2650 erat.

364 2696 411 2747 3.
446 2683 590 2730 sleek.
1415 2695 1490 2732 12.
1530 2684 1677 2733 With
1735 2686 2062 2743 mdiestdtem,
2110 2685 2277 2734 which

364 2779 413 2825 4.
432 2765 612 2828 fillets.
1329 2767 1374 2816 is
1400 2768 1489 2816 the
1513 2767 1689 2832 object
1716 2767 1775 2816 of
1781 2769 1978 2832 serius.

367 2860 411 2912 5.
447 2854 684 2899 corffndtz‘.
1419 2865 1492 2916 13.
1529 2868 1641 2900 cum
1670 2888 1681 2898 .
1710 2887 1719 2898 .
1748 2887 1758 2899 .
1783 2858 1890 2900 tum
1909 2858 2089 2900 =nc5n
2114 2854 2275 2901 sfflum

363 2931 411 2981 6.
451 2930 641 2996 Object
666 2932 726 2981 of
747 2933 1028 2982 tendibant.
1333 2969 1346 2980 .
1373 2970 1385 2981 .
1412 2969 1422 2981 .
1446 2936 1538 2984 sed
1557 2937 1722 2983 etiam.

364 3028 410 3076 7.
449 3016 537 3063 Or.
579 3017 818 3064 docibant
855 3023 1044 3078 puerffs
1089 3020 1231 3065 mise·
1419 3031 1492 3078 14.
1528 3019 1772 3081 showing.
1848 3018 1946 3066 See
1968 3017 2173 3066 idioms.

282 3099 560 3147 ricordiam
596 3100 799 3147 victffris
824 3101 1016 3161 populi
1044 3101 1230 3161 suppli·
1418 3115 1437 3149 1
1451 3114 1492 3166 5.
1529 3102 1588 3163 by
1610 3103 1910 3164 squadrons.

279 3182 407 3230 citer
427 3181 811 3243 implbrandam
836 3198 950 3231 esse.
1421 3184 1494 3233 16.
1531 3193 1588 3233 at
1619 3185 1703 3233 the
1737 3190 1944 3232 contests
1970 3185 2029 3232 in
2059 3185 2142 3233 the
2169 3187 2280 3235 Cir-

361 3263 411 3313 8.
435 3271 566 3326 post.
1330 3283 1418 3315 cus
1441 3269 1727 3317 Maximus.

1089 3362 1163 3410 17.
1197 3350 1371 3398 datum
1395 3358 1481 3401 est.

2318 1939 2376 1992 Ι5
