2676 3931
384 296 451 348 82
1144 296 1310 345 VIRI
1347 297 1635 345 ROMAE.

385 463 571 540 pione
613 462 941 540 opiniones
985 464 1356 524 confirmare
1399 472 1587 541 atque
1632 465 1975 541 approbare
2010 463 2377 524 vidobantur

383 563 555 624 dicta
597 564 889 640 factaque
937 564 1070 623 oius
1120 565 1414 641 ploraque
1464 564 1842 639 admiranda,
1887 584 1964 623 ex
2010 565 2237 642 quibus
2283 576 2377 626 est

385 673 572 723 onum
630 661 1115 724 hoiuscemodi¹z
1196 661 1538 724 assidobat²
1607 666 2135 744 oppugnabatque
2206 666 2375 745 oppi-

384 764 531 824 dum
589 764 653 823 in
715 764 1042 842 Hispania,
1105 764 1227 824 sito
1299 765 1753 842 moenibusque
1810 773 1886 826 oc
1943 766 2375 826 dofonsoribus

287 879 315 934 5
384 864 652 924 validum
698 872 760 924 et
802 866 1119 937 monitum,
1153 872 1218 924 ro
1262 865 1450 925 etiam
1494 862 1751 926 ciborio,3
1798 865 2139 942 copiosum,
2174 886 2374 944 neque

384 965 507 1023 filla
551 964 685 1025 oius
727 963 1030 1042 potiendi*
1078 972 1222 1042 spos
1268 974 1416 1025 erat.
1529 965 1817 1040 Quodam
1869 966 1969 1026 dio
2012 964 2129 1026 ἰῖιε,δ
2177 966 2242 1025 in
2282 985 2374 1026 ca·

384 1073 524 1124 stris
564 1065 791 1125 sedons
820 1066 1069 1126 dicobat
1102 1064 1312 1143 Scipio
1357 1074 1543 1143 atque
1582 1086 1659 1126 ex
1696 1074 1773 1126 eo
1813 1066 1953 1127 loco
1983 1065 2048 1127 id
2077 1066 2372 1144 oppidum

382 1166 596 1242 procul
625 1165 965 1226 videbatur.
1055 1167 1216 1225 Tum
1246 1173 1280 1225 o
1310 1166 1609 1226 militibus
1639 1175 1747 1244 qui
1776 1166 1839 1226 in
1872 1166 1999 1227 ifire
2030 1167 2197 1244 apud
2235 1186 2373 1227 eum

382 1266 651 1339 stobant,
699 1265 1096 1344 interrogavit
1146 1263 1492 1347 quispiam⁶⁸
1531 1286 1607 1326 ex
1660 1274 1830 1327 more
1873 1266 1936 1326 in
1981 1286 2165 1344 quem
2211 1266 2373 1327 diem

286 1382 347 1419 10
381 1364 708 1443 locumque
760 1363 971 1426 ⁷vados
1030 1366 1167 1427 sisti
1225 1366 1481 1427 iuboret.
1589 1369 1669 1427 Et
1722 1366 1931 1445 Scipio
1988 1386 2236 1426 manum
2295 1367 2374 1427 ad

381 1465 579 1542 ipsam
657 1466 872 1543 oppidi
951 1467 1120 1543 quod
1197 1468 1601 1527 obsidebatur
1685 1486 1889 1527 arcem
1975 1467 2371 1544 protendens,

381 1562 415 1588 ‘²
438 1563 814 1641 Perendio⁸‚”
867 1566 1087 1643 inquit,
1134 1564 1325 1626 “soso
1385 1567 1610 1626 sistant
1667 1566 1772 1626 illo
1830 1567 1893 1625 in
1951 1566 2144 1626 loco'’
2189 1576 2372 1643 atque

379 1665 465 1725 ita
520 1663 791 1726 factum⁹.
894 1666 1011 1726 Dio
1070 1667 1253 1726 tertia·
1311 1667 1374 1725 in
1428 1686 1612 1744 quam
1661 1667 1853 1727 vados
1903 1666 2038 1726 sisti
2089 1666 2369 1740 iusserat,

379 1765 675 1843 oppidum
727 1777 978 1844 captum
1028 1777 1140 1827 est.
1231 1768 1467 1827 Eodem
1521 1767 1622 1827 dio
1675 1767 1739 1826 in
1789 1786 1930 1827 arce
1980 1767 2113 1827 oius
2158 1767 2372 1845 oppidi

284 1883 342 1936 15
380 1865 475 1925 ifls
505 1866 675 1926 dixit.

466 2015 507 2049 1.
541 2018 602 2050 as
619 2003 846 2066 follows.
1506 2001 1553 2052 6.
1588 2003 1815 2067 quitiam,
1865 2001 2069 2067 subject
2116 2000 2176 2050 of
2218 2003 2371 2050 inter-

462 2099 506 2133 2.
543 2086 799 2135 obsidebat.
1423 2088 1636 2149 rogavit,
1662 2092 1885 2135 connect
1913 2085 2033 2133 with
2058 2089 2086 2134 ἒ
2107 2086 2367 2135 militibus.

461 2181 505 2233 3.
533 2169 917 2233 fromentdrid.
1507 2182 1554 2230 7.
1589 2170 1652 2218 he
1685 2169 1902 2218 ordered
1930 2168 2013 2217 the
2044 2169 2301 2216 securities
2322 2174 2371 2216 to

458 2265 504 2312 4.
539 2253 784 2314 capiendi.
1420 2260 1628 2316 appear.

463 2347 505 2400 5.
543 2335 735 2400 Object
771 2336 830 2384 of
862 2337 1062 2394 α’ῑτέὐαί,
1109 2344 1171 2385 tr.
1212 2352 1320 2385 was
1499 2335 1547 2386 8.
1583 2337 1665 2385 dii
1687 2337 1852 2384 tertid.

379 2420 745 2482 pronouncing
759 2420 1052 2484 judgment.
1503 2431 1550 2483 9.
1586 2434 1654 2468 sc.
1682 2425 1767 2468 est.

372 2621 468 2671 81.
545 2620 847 2671 Hannibal
884 2620 1087 2672 victus
1131 2621 1212 2672 ad
1247 2621 1618 2672 Antiochum
1664 2621 1875 2684 syriae
1919 2619 2119 2683 rogem
2163 2618 2366 2672 conffl-

729 2715 816 2777 git
853 2714 960 2764 ubi
999 2727 1135 2765 oum
1176 2713 1460 2776 scipione
1498 2711 1860 2764 conlooi'ituo
1896 2717 2006 2763 oet.

458 2854 779 2914 Hannibal
819 2864 857 2915 a
899 2855 1188 2933 Scipione
1217 2864 1418 2916 victus
1458 2864 1711 2931 suisque
1752 2850 2009 2914 invisus¹
2039 2853 2120 2913 ad
2151 2853 2365 2914 Antio-

371 2956 553 3015 chum
610 2955 820 3034 Syriae
867 2962 1076 3033 rogem
1124 2956 1404 3034 confugit
1450 2974 1714 3032 eumque
1765 2955 2008 3015 hostem
2063 2956 2365 3014 Romanis

272 3086 334 3122 20
369 3056 532 3116 focit.
625 3055 805 3115 Missi
851 3065 995 3116 sunt
1039 3058 1241 3117 Roma
1285 3056 1470 3134 logati
1503 3055 1583 3115 ad
1614 3054 2008 3127 Antiochum,
2043 3054 2108 3113 in
2139 3052 2363 3130 quibus

370 3166 501 3215 erat
547 3155 755 3232 Scipio
784 3147 1156 3230 Ᾰὶτίοᾶῐιυες
1206 3165 1328 3233 qui,
1363 3175 1503 3215 cum
1551 3154 1910 3214 Hannibale
1945 3150 2196 3232 Ephesi²
2224 3172 2365 3234 con-

368 3256 626 3328 locotuS‚
661 3256 739 3315 ab
784 3264 860 3317 eo
905 3257 1212 3333 quaesivit
1258 3275 1442 3333 quem
1486 3256 1681 3315 fuisse
1727 3255 2056 3315 maximum
2109 3254 2363 3330 impera·

366 3364 563 3417 torem
586 3356 882 3416 eroderet.
975 3357 1325 3435 Respondit
1360 3355 1677 3415 Hannibal
1704 3356 2124 3415 Alexandrum
2158 3355 2363 3412 Mace-

689 3503 729 3537 1.
765 3490 979 3539 odiosus.
1636 3502 1678 3536 2.
1718 3488 1982 3538 Locative.
