2676 3931
379 349 477 400 120
1054 348 1101 395 Α
1114 347 1207 397 UL
1218 346 1310 395 US
1352 345 1451 394 GE
1452 345 1588 392 LLI
1589 344 1690 393 US.

1289 512 1395 571 ΙΙΙ,
1417 510 1466 560 8.

381 653 515 702 118.
590 651 856 702 Litterae
900 648 1177 700 eximiael
1223 646 1534 699 consulum
1571 646 1635 697 c.
1671 640 1938 695 fabric?
1981 648 2047 694 et
2066 643 2134 704 Q.
2154 642 2379 694 Aemili

492 744 573 794 ad
611 741 809 804 regem
845 738 1162 805 Pyrrhum⁸
1185 740 1223 792 Ξ
1261 740 1328 801 Q.
1358 734 1635 790 claudi&
1666 735 1960 799 scriptore
1999 733 2380 786 historiirum

492 837 556 886 in
578 835 924 885 memoriam
949 835 1144 884 datae.

470 981 625 1039 Cum
671 979 936 1056 Pyrrhus
981 983 1087 1036 rex
1131 976 1196 1034 in
1238 985 1400 1036 terra
1431 962 1619 1036 Ttalia
1655 987 1823 1037 esset
1862 987 1923 1037 et
1950 976 2158 1036 “smam
2192 986 2380 1053 atque

288 1099 315 1153 5
385 1080 637 1138 alteram
696 1086 934 1155 pugnas
1008 1083 1300 1153 prospere
1370 1085 1710 1154 pugnasset
1766 1073 2062 1154 “satisque
2126 1087 2381 1153 agerent

388 1182 653 1238 Romani
697 1187 759 1236 et
808 1175 1122 1254 ⁷pleraque
1168 1164 1353 1235 Ttalia
1404 1177 1483 1235 ad
1535 1183 1739 1254 regem
1792 1172 2196 1250 descivisset⁸,
2248 1185 2378 1235 tum

388 1275 871 1338 Ambraciensis⁹
899 1276 1206 1353 quispiam
1239 1276 1660 1350 Timochares,
1686 1277 1847 1354 regis
1881 1277 2095 1355 Pyrrhi
2124 1285 2378 1349 amicuS,

389 1380 468 1438 ad
500 1380 568 1438 C.
597 1377 943 1437 Fabricium
974 1377 1291 1435 consulem
1321 1376 1531 1437 furtim
1562 1376 1732 1436 venit
1760 1385 1835 1437 ac
1865 1376 2203 1454 praemium
2232 1386 2383 1454 peti·

389 1481 476 1538 vit
506 1489 583 1552 et,
620 1487 672 1537 si
702 1478 780 1538 de
812 1476 1085 1554 praemio
1128 1474 1545 1550 conveniret¹⁰,
1579 1477 1860 1554 promisit
1890 1485 2095 1555 regem
2127 1484 2383 1537 venenis

299 1616 355 1652 ,ο
391 1587 629 1650 necare,
663 1578 850 1654 idque
882 1577 1064 1636 facile
1105 1596 1244 1636 esse
1286 1577 1456 1637 factu
1498 1577 1667 1651 dixit,
1703 1578 1994 1655 quoniam
2021 1578 2189 1636 filius
2233 1595 2384 1636 suus

391 1662 614 1758 pocula
644 1677 707 1736 in
738 1677 1025 1737 convivis)
1056 1685 1184 1755 regi
1216 1677 1607 1738 ministraret.
1703 1680 1853 1737 Eam
1894 1697 2021 1737 rem
2066 1676 2385 1737 Fabricius

394 1781 472 1840 ad
519 1787 803 1840 senatum
854 1778 1115 1855 scripsit.
1233 1780 1495 1839 Senatus
1545 1779 1624 1838 ad
1672 1786 1878 1856 regem
1930 1779 2167 1856 legatos
2217 1778 2386 1836 misit

393 1875 875 1956 mandavitqueu
934 1889 1000 1937 ut
1060 1879 1139 1938 de
1200 1879 1568 1938 Timochare
1639 1879 1789 1937 nihil
1862 1879 2210 1955 proderent,
2272 1877 2386 1936 sed

394 1994 712 2047 monerent
765 1994 851 2045 uti
909 1991 1013 2043 rex
1065 1980 1569 2057 circumspectius
1621 1991 1828 2058 ageret
1875 1990 2061 2056 atque
2107 1988 2146 2039 a
2189 1978 2388 2057 proxi·

303 2116 359 2169 15
396 2097 629 2150 morum
662 2088 903 2149 insidiis
935 2086 1194 2146 salutem
1225 2077 1586 2142 ῑῖιῒᾶιϊὲιῑιικι2
1675 2082 1817 2139 Hoc
1848 2080 1950 2153 ita,
1984 2090 2070 2139 uti
2101 2078 2386 2152 diximus,

396 2191 460 2249 in
489 2188 738 2249 ¹³Valeri
784 2186 1054 2249 Antiatis
1099 2183 1359 2243 historia
1404 2190 1699 2257 scriptum
1745 2191 1855 2240 est.
1945 2180 2389 2257 Quadrigarius

395 2302 600 2352 autem
623 2291 687 2348 in
718 2290 874 2348 libro
906 2287 1088 2347 tertio
1119 2292 1243 2344 non
1276 2282 1726 2354 Timocharem,
1760 2281 1873 2339 sed
1905 2280 2149 2340 Niciam
2183 2278 2389 2338 adisse

486 2458 526 2492 1.
562 2445 799 2507 egregiae.
1525 2446 1571 2494 7.
1608 2434 1842 2481 mdxima
1856 2438 1990 2493 pars
2008 2423 2206 2480 staliae.

484 2542 527 2575 2.
567 2528 666 2577 See
721 2525 970 2576 selection
1021 2522 1157 2579 110,
1202 2536 1252 2569 n.
1298 2532 1340 2568 1.
1530 2516 1577 2564 8.
1613 2516 1880 2580 defecisset,
1927 2513 1993 2564 cf.
2053 2515 2185 2577 Eng.
2239 2514 2392 2577 desec-

398 2611 527 2661 This
552 2609 853 2673 consulship
877 2623 981 2656 was
1004 2606 1056 2654 in
1085 2603 1178 2666 278
1205 2615 1306 2652 13.e.
1443 2601 1564 2649 tion.

484 2710 528 2760 3.
567 2694 682 2743 The
705 2693 864 2742 brave
894 2689 999 2739 and
1032 2688 1187 2737 noble
1215 2686 1343 2750 king
1528 2697 1576 2748 9.
1616 2682 1895 2731 Ambracia
1917 2682 1963 2731 is
1982 2697 2014 2730 a
2031 2688 2172 2730 town
2193 2680 2248 2729 in
2274 2680 2395 2743 Epi-

398 2778 456 2827 οἱ
479 2779 668 2842 Epirus
692 2776 807 2826 who
832 2772 1044 2824 crossed
1069 2773 1181 2820 into
1209 2770 1345 2834 Italy
1447 2781 1548 2816 rus.
1622 2766 1786 2815 What
1812 2765 1942 2815 does
1967 2765 2057 2814 the
2081 2763 2273 2827 ending
2295 2768 2394 2812 -en-

397 2861 501 2912 and
524 2860 713 2925 fought
738 2859 940 2922 against
967 2856 1055 2906 the
1090 2856 1343 2910 Romans,
1446 2854 1517 2900 sis
1539 2850 1764 2900 denote?

401 2945 628 3006 280-274
655 2957 754 2993 ΒΕ.
1535 2949 1607 2983 10.
1645 2935 1703 2998 if
1756 2950 1827 2981 an
1905 2939 2195 2996 agreement
2262 2947 2395 2981 were

482 3043 529 3089 4.
567 3029 633 3090 Q.
661 3025 916 3077 Claudius
951 3021 1343 3086 Quadrigarius,
1447 3019 1607 3066 made.

366 3176 371 3182 η
406 3112 597 3174 100—78
642 3124 755 3169 13.c.,
792 3117 952 3159 wrote
986 3124 1018 3156 a
1054 3106 1253 3170 history
1288 3104 1347 3152 of
1537 3115 1610 3150 11.
1646 3101 1931 3163 impertivit.

402 3198 584 3245 Rome.
667 3194 864 3244 Gellius
901 3206 1072 3241 seems
1114 3197 1169 3238 to
1211 3188 1345 3236 have
1537 3198 1610 3234 12.
1646 3186 1942 3249 defenderet.

399 3279 624 3343 thought
650 3293 793 3327 more
817 3276 875 3326 of
908 3275 1014 3323 him
1045 3289 1104 3322 as
1133 3288 1165 3321 a
1186 3272 1347 3321 histo-
1538 3283 1610 3333 13.
1649 3269 1715 3330 Q.
1742 3268 1982 3317 Valerius
2019 3266 2210 3315 Antias
2244 3266 2396 3315 flour·

400 3363 509 3413 rian
535 3364 662 3412 than
688 3361 839 3410 other
863 3359 1072 3408 writers.
1445 3352 1596 3402 ished
1631 3352 1794 3401 about
1828 3351 1895 3401 80
1932 3364 2030 3401 B.c.
2103 3351 2233 3416 Livy
2267 3350 2395 3399 calls

488 3459 530 3512 5.
571 3447 669 3495 See
690 3444 894 3493 idioms.
1446 3436 1554 3485 him
1588 3436 1676 3485 the
1711 3443 1851 3485 most
1886 3433 2222 3485 mendacious
2246 3433 2305 3483 of
2326 3433 2397 3483 all

484 3530 532 3582 6.
567 3529 677 3579 had
691 3528 771 3576 all
787 3528 902 3590 they
922 3525 1075 3574 could
1091 3525 1166 3576 do.
1447 3520 1536 3573 the
1569 3519 1835 3572 annalists.
